2895 3711
1449 140 1479 187 8

1432 196 1537 208 ,κκ-νκ,

250 287 378 331 quau
404 275 621 331 ori'qi‘vium
647 276 881 318 maerim
911 273 1049 318 multa
1078 275 1204 318 buius
1233 276 1483 317 variationis
1521 274 1726 331 exempla
1762 274 1967 332 collegit,
2007 284 2050 318 et
2088 275 2133 319 S.
2162 276 2382 323 Obbarlus
2418 292 2517 324 cum
2554 278 2672 332 alibi,

249 360 341 396 tum
368 354 414 396 in
439 352 591 397 Jabnii'
618 352 851 397 annalibus
876 349 1018 410 (18³⁰.
1048 366 1150 410 pag.
1177 356 1263 396 42⁰
1291 354 1392 410 sq.)‚
1425 367 1504 396 cur
1530 354 1591 397 ita
1618 354 1886 410 scripserint,
1912 351 2156 398 luculenter
2183 361 2406 412 exposuit:

452 429 728 475 Praeter-iens
762 434 905 487 probo
934 432 1032 477 ΤΕ
1069 445 1158 473 non
1194 431 1424 474 admisisse
1460 433 1752 474 coniecturam
1781 431 1953 481 Franc„
1971 431 2123 475 Ritteri
2157 433 2249 476 Sat.
2279 434 2335 485 1.,
2367 438 2443 485 10,
2472 437 2552 477 60:
2610 437 2680 478 At

249 510 365 553 «itini
387 522 468 565 pro
497 510 615 561 ἀιὶτί,
644 510 762 568 quod
790 512 835 553 in
859 504 1059 553 omnibus
1086 508 1207 552 libris
1235 519 1279 552 et
1307 511 1479 566 scriptis
1507 519 1551 552 et
1588 510 1813 565 impressis
1848 519 1926 552 est.
1984 512 2044 552 At
2071 512 2169 554 dixi
2191 512 2404 569 significat
2432 511 2475 555 h.
2503 511 2531 555 l.
2561 513 2672 557 aber

243 586 556 641 lreitiebleabe
582 589 653 631 ielt
676 594 848 645 qwaqt,
876 589 922 631 id
941 589 1058 645 quod
1076 588 1315 631 adversarii
1335 587 1447 633 mihi,
1467 587 1634 631 crimini
1664 587 1782 638 dant,
1810 587 1865 629 de
1889 601 1974 643 quo
2004 601 2087 631 usu
2114 588 2354 644 particulae
2383 595 2431 632 at
2457 590 2598 633 Hand.
2626 593 2672 635 in

246 664 435 709 Turseli.
465 665 495 708 l.
525 681 567 722 p.
597 670 682 711 m
707 667 934 718 disseruit,
973 668 1046 710 ubi
1082 664 1204 709 affert
1241 665 1383 708 locum
1425 663 1514 708 Cic.
1555 664 1663 707 Phil.
1703 666 1775 716 lt,
1814 669 1865 716 9,
1896 668 1974 707 21:
2014 669 2074 710 At
2112 681 2192 724 eqo
2231 670 2361 711 suasi.
2418 668 2594 713 Scilicet
2632 671 2670 713 is

248 745 415 787 enims
443 750 544 787 erat
569 745 779 796 Milonis,
812 751 860 787 ut
882 745 1098 799 prodesse
1130 743 1400 798 reipublicae
1426 745 1519 786 sine
1544 756 1728 787 suasore
1754 755 1841 786 uon
1866 749 2028 798 posset.
2086 747 2146 788 At
2176 747 2364 791 laetatus
2392 760 2495 791 sum.
2556 747 2673 801 Quid

249 822 386 879 ayo?
441 822 493 865 la
521 828 646 866 tanta
672 824 843 866 laetz'tia
870 828 1052 866 cunctae
1080 824 1282 866 civitates
1309 837 1373 866 me
1397 835 1525 865 unum
1553 823 1719 865 tristem
1747 835 1840 864 esse
1867 822 2132 876 oportebat?

452 901 547 946 Sat.
574 901 638 952 u„
667 903 710 951 5,
738 904 797 944 90
822 900 890 944 Tu
920 901 1112 943 edidisti:

788 977 1023 1032 Difficilem
1050 984 1092 1020 et
1119 991 1336 1020 morosum
1363 978 1548 1032 offendet
1572 979 1783 1033 yar-rulus
1810 979 1867 1020 ul
1874 983 1992 1026 tro;

790 1055 893 1099 Noa
920 1058 1051 1098 etiam
1078 1058 1324 1098 sileas-

246 1132 387 1177 altera
415 1135 633 1190 scriptura
669 1135 792 1177 ultra
830 1148 887 1176 ne
925 1126 1266 1176 commemorata
1295 1135 1488 1188 quidem,
1530 1147 1793 1189 quamquam
1829 1147 1883 1177 ea
1921 1135 2092 1189 optimis
2120 1134 2402 1191 plurimisque
2432 1137 2667 1189 codicibuS,

244 1212 375 1254 etiam
406 1221 609 1268 quattuor
637 1210 877 1254 Blandiniis
906 1210 1015 1254 fulta
1053 1221 1161 1253 est·
1190 1212 1333 1259 Quam
1365 1225 1451 1253 non
1492 1222 1639 1266 aptum
1683 1213 1737 1253 sit
1772 1213 1915 1262 ultro,
1954 1213 2046 1254 sive
2087 1213 2278 1269 iungitur
2314 1228 2411 1256 cum
2442 1216 2667 1270 yarrulits,

245 1290 342 1331 sive
363 1303 461 1331 cum
481 1290 694 1344 desendet,
717 1292 879 1345 optime
898 1290 1102 1332 docuisse
1119 1289 1291 1331 videtur
1299 1287 1531 1332 Teuffelius
1555 1291 1596 1331 in
1613 1290 1923 1333 commentario
1943 1289 2118 1332 editioni
2129 1288 2470 1335 Kirchnerianae
2486 1293 2668 1336 adiecto.

252 1367 385 1410 Ultra
410 1376 555 1412 autem
582 1382 680 1411 cum
706 1369 987 1424 sequentibus
1020 1367 1284 1425 iungendum
1339 1366 1470 1408 Ultra
1495 1367 1628 1408 silere
1657 1375 1724 1408 est
1752 1368 1926 1419 diutius,
1956 1381 2086 1422 quam
2115 1381 2197 1423 par
2224 1377 2306 1418 est,
2336 1369 2452 1414 ultra
2480 1372 2668 1421 modum,

245 1445 319 1489 vel
348 1445 463 1489 ultra
490 1460 623 1503 quam
654 1455 698 1487 ut
726 1459 815 1488 non
842 1444 1032 1487 offendat
1060 1444 1329 1503 garrulitate,
1360 1453 1404 1485 ut
1433 1444 1623 1500 explicat
1645 1443 1847 1488 Ritterus.
1907 1444 1982 1487 Sic
2002 1445 2118 1500 apud
2138 1444 2335 1490 Tacitum
2356 1447 2462 1491 Hist.
2487 1448 2570 1500 111„
2591 1451 2666 1492 62:

243 1537 301 1567 ne
325 1538 452 1581 quam
477 1526 599 1568 ultra
624 1537 745 1580 spem
769 1524 983 1578 foverent.
1042 1524 1113 1566 Ad
1141 1525 1398 1566 sententiam
1427 1524 1614 1567 conferri
1644 1531 1786 1580 potest
1817 1523 2012 1579 Propert.
2044 1523 2099 1575 1.,
2132 1528 2208 1575 lt),
2237 1527 2314 1567 21:
2361 1525 2425 1570 112
2453 1541 2585 1580 cave,
2614 1540 2668 1571 ne

245 1606 370 1647 tristi
392 1600 775 1660 cupias-pumicare
794 1604 994 1657 puellae,
1023 1615 1130 1645 neve
1156 1601 1352 1657 superba
1380 1603 1510 1658 loqui,
1539 1615 1649 1645 neve
1677 1608 1826 1645 tacere
1853 1603 1940 1645 diu.

451 1681 656 1724 Eiusdem
686 1681 857 1724 Satirae
883 1694 1058 1723 versum
1089 1684 1170 1723 103
1197 1681 1316 1736 apud
1345 1680 1408 1722 Te
1437 1689 1589 1723 contra
1625 1682 1813 1723 omnium
1852 1682 2051 1724 codicum
2089 1694 2177 1724 scr.
2219 1680 2349 1724 fidem
2386 1684 2450 1726 sic
2493 1698 2667 1739 expres-

242 1774 340 1803 sum
370 1761 520 1803 video:

782 1837 959 1893 Sparye
993 1837 1176 1879 subinde
1204 1843 1267 1887 et,
1296 1838 1536 1891 sipontum
1556 1842 1747 1890 poteS,
1776 1838 2088 1886 illacrima‚·
2125 1851 2149 1879 e
2185 1850 2247 1880 re
2285 1844 2366 1880 est

785 1914 962 1957 Gaudia
985 1915 1245 1970 prodentem
1270 1916 1431 1957 vultum
1458 1916 1617 1956 celare.
1648 1938 1697 1944 —

242 1994 370 2039 Hanc
399 1994 706 2044 Praedicowii,
747 1994 981 2036 monstrosi
1019 1993 1225 2042 bominis,
1265 1994 1580 2043 coniecturam,
1620 1995 1662 2034 in
1701 2006 1832 2047 quam
1869 2000 2022 2047 postea
2056 1992 2364 2036 Lachmannus
2401 1995 2459 2036 ad
2495 1994 2666 2040 Lucret.

243 2088 284 2128 p.
312 2075 397 2116 297
425 2073 597 2123 incidit,
636 2085 736 2115 cum
762 2070 1030 2121 Kirchnero‚
1061 2069 1305 2120 Meineki0‚
1336 2068 1545 2126 Hauptio,
1582 2071 1832 2114 auctoribus
1859 2084 1968 2113 sane
1996 2072 2145 2122 bonis,
2185 2086 2274 2114 non
2303 2080 2420 2116 recte
2447 2076 2666 2129 recepisse

241 2152 417 2194 videris.
476 2150 587 2193 Nam
616 2150 711 2192 sine
740 2149 897 2192 idonea
926 2163 1086 2192 caussa
1114 2135 1425 2192 Lachmannus
1453 2152 1494 2191 in
1523 2151 1659 2192 verbo
1688 2154 1751 2191 est
1780 2148 1978 2200 offendit,
2006 2151 2123 2204 quod
2152 2151 2340 2205 positum
2371 2164 2470 2193 esse
2495 2165 2575 2206 pro
2603 2158 2666 2194 est

242 2230 427 2285 aliquid,
454 2229 663 2283 prodest,
700 2226 790 2282 (vel
819 2228 960 2276 iuvat,
1000 2236 1047 2268 ut
1074 2227 1222 2268 Acron
1252 2225 1392 2268 schol.
1422 2226 1630 2281 explicat)
1668 2229 1878 2269 sumebat.
1938 2226 2028 2269 Sed
2058 2234 2122 2270 est
2150 2227 2193 2269 h.
2224 2227 2250 2269 l.
2280 2229 2393 2270 idem
2421 2237 2512 2279 est,
2550 2231 2666 2285 quod

241 2308 365 2358 licet,
396 2318 444 2351 ut
472 2305 580 2349 ἔστιν
607 2306 724 2361 apud
750 2304 948 2347 Graecos
979 2318 1056 2359 pro
1097 2303 1273 2351 ἔξεστιν.
1312 2319 1400 2360 qua
1435 2304 1751 2362 significatione
1788 2320 1887 2348 cum
1923 2306 2039 2361 apud
2078 2305 2189 2349 alios
2227 2311 2381 2361 poetas
2417 2316 2508 2349 tum
2546 2309 2666 2362 apud

241 2384 468 2429 Horatium
496 2384 653 2443 legitur
681 2383 818 2439 Epod.
851 2387 919 2434 17,
951 2386 1020 2434 25,
1052 2382 1143 2425 Sat.
1172 2383 1218 2434 1.,
1248 2388 1290 2433 4,
1324 2388 1432 2433 101„
1463 2383 1596 2438 Epist.
1628 2384 1673 2435 1.,
1706 2387 1744 2433 1,
1774 2386 1844 2427 32.
1899 2383 2176 2428 Illacrimare
2205 2394 2272 2428 est
2300 2384 2552 2437 infinitivus,
2578 2400 2666 2429 non

240 2463 539 2519 imperativus,
561 2472 609 2506 ut
625 2462 763 2505 voluit
785 2460 990 2510 Orellius,
1012 2469 1056 2502 et
1076 2464 1209 2504 verbo
1230 2467 1295 2504 est
1313 2463 1461 2516 incipit
1479 2462 1699 2516 apodosis.
1744 2461 2011 2504 Sententiam
2027 2461 2127 2514 loci,
2147 2466 2218 2518 qui
2235 2465 2293 2505 ita
2309 2464 2558 2505 exarandus
2578 2473 2665 2506 est:

781 2537 959 2594 Sparye
994 2538 1196 2589 subinde,
1235 2545 1278 2581 et
1312 2540 1355 2581 si
1375 2541 1568 2593 paullum
1592 2545 1720 2593 potes
1745 2540 2038 2590 illuminare,
2069 2546 2133 2583 est

782 2615 957 2658 Gaudia
976 2616 1235 2668 prodentem
1260 2617 1420 2659 vultum
1442 2618 1589 2659 celare
1617 2639 1670 2648 —

240 2694 578 2739 Doederleinius
608 2695 651 2736 in
681 2693 869 2736 editione
898 2692 1135 2734 Heindorfii
1165 2695 1328 2747 optime
1355 2694 1566 2747 exposuit.
2059 2738 2071 2749 l

443 2774 532 2817 lam
572 2771 864 2827 Epistolarum
899 2770 1065 2826 aliquot
1104 2770 1252 2822 locos,
1292 2773 1637 2815 consideratione
1673 2787 1761 2814 non
1789 2773 2013 2827 indignos,
2054 2775 2242 2815 breviter
2269 2775 2583 2829 perstringam,
2622 2784 2665 2816 et

240 2852 417 2909 quidem
453 2865 556 2902 eoS,
598 2850 754 2906 quibus
792 2852 916 2900 Tu,
947 2848 999 2890 V.
1031 2850 1096 2901 d.,
1135 2851 1434 2893 auctoritatem
1473 2851 1671 2893 codicum
1709 2863 1794 2893 scr.
1834 2851 2090 2905 optimorum
2129 2859 2307 2894 secutus
2345 2865 2372 2893 a
2415 2853 2663 2894 novissimis

239 2931 477 2974 editoribus
506 2928 704 2972 dissides.

444 3008 581 3051 Recte
609 3008 739 3063 igitur
768 3005 880 3061 legis
909 3004 1044 3059 Epist.
1075 3004 1121 3055 1.,
1150 3009 1192 3056 6,
1221 3008 1299 3048 81:

1050 3106 1106 3113 --
1133 3083 1335 3126 virtutem
1360 3082 1499 3125 verba
1519 3088 1679 3137 puta-e,
1708 3088 1755 3125 ut

782 3161 945 3205 Luciam
971 3162 1103 3216 ἅμα.
1132 3185 1186 3192 -

236 3254 375 3298 quum
403 3239 475 3286 alii
503 3229 730 3285 ediderunt
758 3251 858 3284 cum
886 3237 1082 3283 Baxtero
1105 3242 1235 3293 putes
1261 3243 1323 3290 ut,
1353 3236 1425 3284 alii
1453 3253 1550 3294 cum
1570 3236 1767 3283 Bentleio
1794 3243 1919 3293 putes
1948 3244 2004 3290 et,
2033 3237 2120 3291 alii,
2146 3253 2328 3295 quorum
2356 3238 2425 3282 Fr.
2446 3237 2655 3283 Ritterum

239 3320 441 3372 nomino,
467 3325 599 3375 putus
630 3324 683 3362 et.
739 3317 962 3373 Scriptura
990 3331 1017 3360 a
1036 3318 1142 3363 Te·
1160 3326 1337 3372 recepta
1364 3326 1406 3360 et
1435 3316 1720 3373 explicatione
1750 3318 1870 3360 brevi
1898 3320 2003 3360 setis
2032 3316 2214 3361 detensa
2237 3318 2382 3360 nititur
2409 3319 2667 3361 testimonio-
