2895 3711
1414 153 1444 197 4
1516 209 1521 213 ,

1231 210 1352 220 <mxxv
1358 209 1427 219 ‘aaz

422 284 479 324 At
508 296 594 325 non
623 283 763 325 solum
793 286 894 326 viva
921 298 1034 326 voce
1062 288 1330 340 praecipiens
1355 295 1396 327 et
1420 299 1603 327 monens
1631 287 1832 326 iuvenum
1861 287 2028 327 animos
2055 286 2221 342 fingere
2250 296 2293 327 et
2320 286 2507 328 formare
2532 288 2633 329 inde

218 360 276 400 ab
305 359 480 402 ineunte
507 369 652 404 aetate
679 363 874 404 studiose
903 370 945 404 et
971 375 1139 404 summo
1170 376 1267 404 cum
1296 363 1438 405 {ructu
1467 364 1615 405 enisus
1643 376 1715 413 es,
1745 364 1847 414 sed,
1877 377 1962 419 qua
1992 376 2042 405 es
2068 364 2282 415 doctrina,
2310 365 2481 417 scriptis
2500 365 2628 406 etiam

217 436 439 479 studiosae
466 438 673 482 iuventuti
712 441 826 482 viam
862 441 1090 494 aperuisti,
1120 454 1205 495 qua
1241 441 1493 483 incedentes
1521 439 1694 496 linguae
1722 439 1880 482 latinae
1907 440 2029 497 leges
2056 438 2363 498 Romanosque
2390 443 2629 496 scriptores

217 512 371 555 melius
394 515 707 574 intelligerent.
787 518 938 575 ltaque
971 532 1099 574 quum
1137 519 1181 559 in
1220 520 1406 559 omnium
1446 518 1536 559 iere
1574 516 1816 559 mortalium
1855 520 2069 559 communi
2108 531 2241 561 sensu
2279 520 2467 562 innatum
2504 520 2628 574 quasi

217 592 296 642 sit,
335 601 381 633 ut
421 593 596 648 publica
635 596 822 650 quadani
856 595 1017 638 laetitia
1045 594 1143 637 illos
1172 596 1265 637 dies
1301 595 1673 638 concelebrandos
1705 607 1804 637 esse
1843 597 2064 647 duxerint,
2104 598 2261 650 quibus
2297 599 2462 639 animos
2501 606 2628 653 grata

215 670 369 712 subeat
406 673 652 714 recordatio
679 686 843 722 eorum,
875 687 989 730 quae
1007 674 1163 737 viride
1184 673 1404 728 republica
1436 675 1547 715 bene
1577 674 1711 714 meriti
1737 686 1813 728 per
1839 672 2015 729 longum
2046 687 2258 716 annorum
2288 677 2471 729 spatium
2503 688 2626 730 prae-

214 745 335 790 clare
370 759 621 805 gesserunt,
659 752 798 793 omnis
828 750 1116 807 Brunsvigiae
1153 752 1307 793 civitas
1346 752 1479 807 gratis
1517 752 1670 792 animis
1708 750 1960 793 hodiernum
2000 751 2111 794 diem
2150 751 2338 795 celebrat
2368 752 2545 804 festum,
2584 761 2626 795 et

212 814 293 867 sibi
331 826 575 881 gratulatur
613 837 654 869 et
693 829 866 875 Tim.
914 830 982 872 cui
1023 828 1254 884 singularis
1291 830 1443 871 summi
1483 831 1666 872 numinis
1703 829 1826 871 favor
1864 829 1992 871 huius
2033 830 2114 871 diei
2152 829 2359 872 laetitiam
2397 832 2624 873 concessit.

213 900 380 950 Quodsi
410 902 542 947 hodie
570 906 728 947 coniux
757 904 988 957 fidissima,
1029 908 1065 947 si
1090 905 1163 948 filii
1193 888 1394 961 filiaeque
1421 906 1593 948 ieliceS.
1636 907 1783 963 generi
1815 915 1855 947 et
1886 913 2066 962 nepotes
2095 907 2222 952 ἸῚΙΙ
2252 909 2484 960 carissimi,
2525 907 2622 950 Deo

211 982 377 1035 gratias
405 991 616 1038 agenteS,
647 983 745 1029 ‘re
773 983 945 1025 salvere
970 985 1138 1032 iubent,
1169 986 1203 1025 si
1235 985 1432 1040 collegae
1461 985 1784 1039 spectatissimi,
1815 987 1848 1025 si
1880 984 2101 1039 discipuli,
2139 1000 2236 1027 cum
2265 987 2336 1042 qui
2366 1000 2480 1028 nunc
2508 995 2622 1037 sunt,

208 1064 297 1098 tum
337 1060 410 1113 qui
449 1069 551 1102 ante
590 1059 779 1110 fuerunt,
821 1070 920 1102 vota
959 1061 1099 1102 ierunt
1139 1063 1228 1116 pia,
1267 1065 1301 1103 si
1337 1064 1458 1104 amici
1497 1061 1729 1103 dulcissimi
1771 1075 2006 1117 eorumque
2043 1062 2185 1113 multi,
2225 1063 2297 1118 qui
2327 1064 2424 1107 Te
2462 1062 2620 1113 colunt,

207 1133 407 1190 diligunt,
430 1148 696 1188 reverentur,
716 1137 928 1181 laetantes
947 1140 1044 1183 Te
1065 1140 1249 1180 adeuntz
1281 1154 1362 1180 non
1384 1140 1624 1189 miraberiS,
1653 1140 1749 1184 Te
1768 1151 1849 1179 nos
1877 1151 2050 1193 quoque
2071 1139 2234 1181 habere
2264 1139 2452 1182 laetitiae
2473 1148 2620 1191 testes,

206 1213 280 1266 qui
311 1215 526 1257 sincerum
555 1216 599 1258 in
627 1218 724 1262 Te
751 1229 941 1258 amorem
973 1226 1015 1258 et
1047 1218 1382 1259 venerationem·
1401 1217 1649 1273 significare
1676 1215 1870 1259 velimus·
1929 1215 2039 1258 Nam
2076 1230 2128 1258 ex
2160 1231 2245 1273 quo
2274 1226 2468 1273 tempore
2495 1218 2620 1261 nobis

205 1292 398 1348 contigit,
429 1301 473 1335 ut
497 1293 615 1341 Te.
657 1293 734 1335 Vir
763 1294 1056 1345 meritissime,
1095 1296 1274 1338 nostrae
1304 1295 1676 1351 congregationis.
1718 1306 1831 1348 quae
1861 1292 2206 1353 Oscherslebiae
2239 1295 2294 1337 de
2331 1296 2462 1338 rebus
2490 1295 2617 1338 scho-

202 1367 368 1414 lasticis
407 1370 649 1426 disputandi
690 1385 847 1415 caussa
888 1373 953 1414 bis
994 1373 1225 1429 quotannis
1263 1366 1501 1416 conventus
1538 1386 1642 1415 suos
1680 1372 1792 1428 agit,
1829 1373 2017 1424 socium,
2056 1385 2190 1428 saepe
2219 1374 2345 1416 etiam
2373 1374 2615 1429 praesidem

204 1448 608 1506 moderatoremque
644 1450 974 1492 solertissimum
1015 1462 1054 1492 et
1094 1452 1466 1506 prudentissimum
1508 1451 1788 1501 haberemus,
1832 1450 1991 1491 artiore
2038 1466 2119 1493 nos
2165 1453 2363 1496 Tecum
2402 1452 2615 1495 coniuncti

202 1538 352 1568 sumus
385 1535 426 1569 et
461 1526 699 1569 officiorum
740 1536 782 1569 et
822 1527 1085 1569 voluntatum
1122 1527 1295 1570 vinculo
1339 1531 1415 1579 ita,
1455 1539 1498 1570 ut
1538 1542 1664 1583 quem
1696 1536 1795 1569 ante
1822 1527 1937 1569 hanc
1965 1528 2324 1570 necessitudinem
2357 1528 2614 1579 coleremus,

201 1602 380 1660 diligere
409 1613 511 1647 tunc
537 1614 670 1661 atque
694 1619 843 1648 amare
871 1606 1172 1661 inciperemus.
1235 1606 1455 1649 Persuade
1477 1606 1604 1662 igitur
1624 1607 1800 1659 '1¹ibi,
1830 1606 1907 1648 Vir
1928 1607 2312 1661 praestantissime,
2342 1619 2423 1648 nos
2443 1619 2614 1663 quoque

199 1694 275 1732 ea,
305 1696 393 1736 qua
422 1696 505 1738 par
533 1691 614 1732 est,
642 1684 802 1737 pietate
833 1683 1045 1724 beneficia
1075 1685 1115 1724 in
1145 1684 1244 1727 Te
1274 1698 1298 1724 a
1333 1683 1426 1726 Deo
1457 1685 1507 1725 Ο.
1539 1685 1598 1726 Μ.
1629 1684 1786 1726 collata
1816 1685 1951 1738 gratis
1979 1686 2193 1726 mentibus
2221 1686 2444 1739 prosequi,
2473 1698 2614 1739 neque

198 1759 399 1801 desinere
428 1762 593 1814 precari
625 1773 653 1801 a
678 1759 864 1802 Numine
892 1773 1110 1814 supremo,
1141 1770 1185 1801 ut
1203 1763 1349 1806 Tibi
1381 1762 1452 1803 det
1490 1763 1668 1803 viridem
1707 1771 1749 1803 et
1776 1771 1975 1816 vegetam
2005 1769 2298 1813 senectutem,
2328 1761 2487 1816 diuque
2515 1763 2611 1807 Te

198 1844 429 1879 conservet
457 1836 642 1880 scholae
671 1845 984 1886 ornamentum,
1015 1838 1220 1885 iuventuti
1250 1839 1420 1893 pietatis
1449 1848 1491 1880 et
1511 1838 1752 1882 honestatis
1774 1837 2041 1893 exemplum,
2072 1839 2301 1880 conventui
2321 1847 2471 1880 nostro
2489 1852 2612 1894 prae-

197 1913 352 1955 sidium
381 1922 423 1955 et
450 1914 597 1956 decus.
658 1912 787 1956 Certe
816 1916 899 1957 iam
930 1914 1047 1956 multi
1078 1928 1250 1964 eorum,
1287 1916 1358 1970 qui
1388 1918 1547 1970 optime
1576 1916 1631 1957 de
1660 1917 2001 1971 congregatione
2028 1924 2176 1957 nostra
2206 1917 2344 1957 meriti
2373 1924 2495 1966 sunt,
2524 1918 2611 1958 vita

196 2000 432 2035 cesserunt.
491 1991 658 2034 Occidit
686 1994 909 2048 egregium
940 1992 1189 2035 Groteiendi
1228 1993 1371 2043 sidus,
1408 1995 1618 2050 gymnasii
1661 1992 1939 2035 Hanoverani
1977 1994 2228 2043 directoris,
2258 1993 2414 2035 occidit
2441 1992 2610 2035 Petrtus

194 2068 555 2120 Brunsvicensis,
595 2070 788 2112 doctrina
819 2072 999 2125 insignis
1027 2072 1205 2121 eximia,
1237 2072 1486 2113 occiderunt
1520 2071 1765 2113 Schaubius
1794 2080 1837 2112 et
1868 2069 2119 2120 Wendtius‚
2160 2072 2408 2124 provinciae
2433 2078 2609 2112 nostrae

197 2147 429 2190 consiliarii
468 2143 718 2191 scholastici
756 2147 1051 2190 humanissimi
1095 2158 1135 2190 et
1173 2149 1468 2199 eruditissimi,
1510 2149 1668 2191 occidit
1703 2148 1771 2190 Fr.
1814 2147 2155 2191 Kallenbachius
2196 2147 2607 2202 Wernigerodanus,

194 2225 379 2268 candida
409 2217 579 2276 anima,
620 2226 817 2267 abierunt
851 2225 920 2267 alii
956 2227 1079 2281 probi
1116 2237 1156 2267 et.
1187 2227 1302 2268 docti
1330 2226 1408 2268 viri
1447 2235 1621 2281 propter
1658 2224 1852 2268 locorum
1891 2227 2064 2268 nimiam
2094 2226 2357 2268 distantiam.
2417 2223 2515 2272 Qua
2553 2225 2608 2268 de

192 2317 353 2346 caussa
382 2312 428 2346 ut
457 2304 587 2356 Tu,
619 2304 698 2346 Vir
727 2305 998 2355 venerande,
1029 2318 1192 2360 pergas
1221 2305 1374 2346 favore
1404 2307 1545 2349 Tuo
1575 2314 1706 2360 atque
1734 2305 1948 2358 praesidio
1978 2317 2139 2347 ornare
2165 2313 2341 2346 nostros
2370 2311 2608 2345 conventus

191 2382 317 2424 enixe
356 2395 609 2437 precamur,
639 2396 725 2437 quo
753 2382 896 2427 Tua
924 2382 1142 2431 doctrina,
1172 2382 1406 2438 gravitate,
1445 2383 1749 2436 temperantia,
1786 2383 2056 2437 probataque
2092 2383 2135 2423 in
2173 2382 2304 2423 rebus
2331 2380 2605 2424 scholasticis

190 2460 459 2513 experientia
488 2459 669 2516 longum
698 2461 740 2501 in
769 2473 925 2501 aevum
957 2459 1161 2502 fruamur.

392 2536 472 2580 His
499 2538 633 2594 igitur
660 2539 933 2593 praemissis,
971 2536 1051 2579 Vir
1079 2537 1408 2589 humanissime,
1445 2551 1558 2595 quae
1596 2550 1674 2592 pro
1710 2535 1835 2579 officii
1872 2539 2004 2578 nostri
2044 2537 2284 2579 rationibus
2323 2536 2378 2577 ad
2417 2537 2601 2578 animum

189 2617 340 2664 Tibi
369 2617 662 2674 gratissimum
689 2617 1003 2658 testificandum
1024 2617 1196 2658 nomine
1222 2625 1264 2657 et
1292 2618 1548 2658 auctoritate
1567 2617 1821 2666 amicorum,
1851 2617 1920 2671 qui
1942 2618 1996 2658 ad
2018 2630 2087 2658 me
2106 2615 2224 2657 hanc
2244 2613 2601 2669 perhonorificatn

188 2695 406 2737 scribendi
443 2696 708 2750 provinciam
739 2693 1009 2742 detulerunt,
1048 2695 1256 2744 disserui,
1294 2694 1503 2750 reliquum
1533 2704 1618 2741 est,
1659 2702 1705 2734 ut
1743 2707 1796 2734 ex
1826 2696 1958 2735 veteri
1990 2692 2302 2736 consuetudine
2329 2693 2602 2748 institutoque

187 2776 397 2827 maiorum
436 2772 843 2828 disputatiunculam
886 2771 1103 2827 quandam
1143 2780 1344 2813 attexam.
1413 2771 1547 2814 Cuius
1586 2780 1885 2827 argumentum
1924 2771 2144 2827 quaerenti
2182 2770 2298 2811 venit
2335 2770 2378 2811 in
2415 2779 2599 2813 mentem

187 2861 231 2893 et
258 2865 412 2893 manus
440 2851 571 2893 editio
599 2852 742 2895 Tua
770 2850 932 2892 Horatii
962 2850 1201 2891 Satirarum
1232 2858 1274 2891 et
1295 2849 1582 2904 Epistolarum
1614 2858 1782 2903 quarta,
1812 2864 1940 2903 quam
1975 2863 2114 2903 nuper
2133 2849 2249 2890 dono
2271 2861 2298 2889 a
2322 2847 2419 2891 Te
2446 2862 2599 2903 accep-

183 2938 274 2973 tam
302 2942 463 2987 magno
492 2942 589 2972 cum
619 2928 762 2970 fructu
791 2936 833 2970 et
861 2927 1082 2983 voluptate
1110 2926 1379 2982 perlustravi.
1442 2926 1623 2968 Constat
1652 2928 1763 2968 enim
1790 2929 1901 2968 inter
1937 2941 2110 2976 omnes,
2152 2932 2358 2981 quantum
2393 2925 2517 2967 studii
2556 2927 2597 2969 in

185 3007 349 3050 Horatii
379 3007 665 3050 Sermonibus
692 3007 870 3048 assidue
900 3005 1119 3062 legendis,
1158 3007 1450 3061 castigandiS,
1487 3006 1774 3060 explanandis
1812 3008 2032 3060 posueris,
2072 3012 2365 3060 quantumque
2403 3016 2598 3047 summae

183 3088 368 3133 Tuae
401 3085 671 3142 diligentiae,
710 3084 889 3126 Horatio
927 3086 1167 3138 impensae,
1205 3085 1450 3126 debeamus.
1511 3084 1781 3137 Quamquam
1821 3093 1963 3125 autem
2002 3084 2084 3126 hos
2121 3094 2349 3124 sermones
2386 3083 2444 3124 ita
2482 3097 2596 3125 com-

183 3172 401 3208 mentatus
427 3177 497 3216 es,
536 3172 581 3205 ut
608 3177 893 3220 quaecunque
922 3164 978 3205 ad
1008 3175 1244 3212 summum,
1286 3177 1371 3218 quo
1412 3171 1540 3217 poeta
1570 3162 1819 3203 Venusinus
1845 3161 2042 3212 excellit,
2085 3161 2306 3203 artificium
2335 3161 2595 3216 perspicien—

146 3234 150 3235 ⁷
182 3243 300 3295 dum,
329 3243 385 3284 ad
421 3242 635 3286 occultam
671 3255 805 3297 saepe
843 3242 1112 3296 prudentiam
1150 3242 1462 3297 detegendam,
1501 3249 1545 3280 et
1580 3241 1633 3280 ad
1671 3254 1840 3282 omnem
1881 3243 2053 3281 omnino
2093 3241 2303 3282 orationis
2339 3238 2595 3295 elegentiam

179 3329 539 3377 venustatemque
565 3319 917 3374 cognoscendam
938 3320 1168 3372 pertinent,
1196 3317 1327 3372 plene
1346 3318 1605 3359 exhausisse
1624 3319 1825 3367 videaris,
1855 3328 1997 3359 tamen
2018 3325 2182 3359 restant
2201 3317 2286 3358 loci
2306 3316 2425 3358 haud
2438 3319 2593 3370 pauci,

2885 3132 2895 3711 mamm-Q‚Q.
2893 3097 2895 3103 .
2893 3059 2895 3069 a
2892 3030 2894 3032 ⁴
