2895 3711
1416 241 1442 289 9

1232 300 1355 308 rer-xxxx
1364 298 1478 308 ssa-..nx
1490 299 1548 308 »N
1563 298 1632 309 rsus

229 380 484 434 optimorum
522 378 726 421 librorum
765 390 868 428 ser„
910 386 957 419 ut
994 375 1227 418 Bemensis
1263 387 1332 418 no.
1370 378 1422 418 21
1436 407 1448 427 ,
1488 372 1790 433 Sangallensls
1826 390 1895 419 no.
1931 374 2040 428 884,
2080 375 2402 432 HispaniensiS,
2448 377 2637 422 Gothaui

229 459 395 512 optimi,
426 457 607 499 aliorum
637 451 882 505 multorum,
913 456 1091 510 quibus,
1120 454 1200 495 nisi
1230 456 1373 496 omnia
1401 466 1470 496 me
1498 451 1675 505 fallunt,
1705 452 1961 497 Blandinios
1990 469 2140 497 omnes
2170 456 2508 499 adnumererare
2534 471 2634 512 pos-

230 547 339 578 sum.
396 535 668 590 Quamquam
698 534 812 575 enim
841 546 926 575 non
957 533 1130 589 ignoro,
1170 529 1406 588 Cruquium
1435 545 1515 587 pro
1550 542 1671 576 more
1697 531 1812 575 illius
1842 533 1997 575 aetatis
2025 547 2112 576 non
2141 534 2299 591 ubique
2328 535 2502 577 codices
2531 548 2637 578 suos

232 613 498 667 inspexisse,
537 623 682 655 tamen
716 620 866 654 nostro
896 611 994 652 loco
1023 608 1296 652 consultasw
1324 610 1424 651 inde
1460 619 1664 666 apparet,
1704 612 1821 667 quod
1858 612 1983 658 trium
2022 610 2345 655 Blandiuiorum
2380 613 2636 668 scripturam

227 696 355 745 putes
385 700 542 734 enotat.
570 692 573 695 ⁴

432 769 566 824 Epist.
589 767 632 819 l.,
654 772 697 819 7,
717 771 773 808 58
791 781 818 809 a
836 766 1157 815 Doederleinio,
1189 767 1260 821 qui
1285 780 1381 809 cum
1406 766 1601 809 Bentleio
1622 767 1751 810 edidit
1770 769 1866 810 lare
1885 774 2010 811 curto
2033 770 2142 811 bene
2165 770 2297 811 tuitus
2316 781 2364 810 es
2383 771 2635 825 scripturam

233 846 452 903 vulgatam
474 849 571 891 lare
590 852 727 898 certo,
749 860 834 902 quo
850 844 1050 887 Vulteius
1069 844 1225 888 Menas
1247 846 1477 901 gaudebat.
1533 845 1684 902 Neque
1703 860 1911 903 repugno,
1930 848 1966 889 si
1993 847 2139 903 paullo
2164 856 2266 891 ante
2279 862 2317 889 v.
2339 851 2402 889 50.
2421 849 2636 891 Adi-asum

233 928 357 981 ponis
378 942 457 982 pro
472 926 714 974 Abrasum5
742 924 829 966 hoc
848 931 993 965 tamen
1008 922 1157 969 'ribi
1179 936 1264 965 non
1286 925 1590 976 concesserim,
1620 910 1786 968 abradi
1808 924 1888 968 dici
1917 939 2005 968 non
2034 939 2165 981 posse
2194 926 2274 967 nisi
2297 925 2351 968 de
2371 927 2521 979 barba,
2548 941 2636 970 non

230 1006 361 1047 etiam
382 1006 437 1046 de
457 1006 608 1060 capitis
628 1000 812 1058 capilliS,
833 1016 913 1057 pro
934 1016 1018 1056 quo
1039 1007 1251 1043 attonsum
1271 1002 1503 1044 desideras.
1547 995 1656 1045 Nam
1676 1003 1791 1057 apud
1813 1002 2058 1045 Petronium
2075 1003 2165 1045 Sat.
2183 1007 2238 1045 32
2252 1003 2462 1060 legimus:
2491 1003 2635 1048 Pallio

232 1084 435 1126 coactneo
454 1084 659 1125 adrasum
680 1082 922 1124 excluserat
939 1084 1086 1132 caput,
1108 1088 1150 1121 et
1171 1080 1282 1134 apud
1304 1080 1486 1122 eundem
1510 1094 1604 1135 cap.
1622 1085 1726 1122 1⁰3:
1755 1081 1825 1123 hic
1839 1083 2029 1134 (tonsor)
2047 1084 2248 1124 continuo
2262 1083 2396 1124 radat
2414 1085 2638 1139 utriusque

232 1174 318 1204 non
331 1162 464 1204 solum
481 1161 645 1215 capita,
662 1159 740 1202 sed
752 1159 880 1200 etiam
895 1158 1142 1211 supercilia.
1188 1156 1354 1199 Rursus
1372 1158 1553 1201 tonderi
1566 1159 1689 1200 etiam
1709 1158 1763 1200 de
1778 1159 1913 1201 barba
1935 1160 2015 1201 dici
2036 1168 2216 1214 apparet
2236 1173 2288 1200 ex
2307 1159 2374 1201 his
2388 1159 2519 1201 locis:
2549 1160 2635 1204 Cic.

233 1239 362 1282 Tusc.
379 1239 448 1289 V.,
462 1238 645 1293 2⁰Virg.
660 1236 753 1279 Ecl.
771 1237 813 1286 l.,
831 1239 896 1277 29.
945 1235 1086 1277 luven.
1104 1236 1219 1285 1.,25
1233 1243 1274 1277 et
1288 1235 1371 1286 Vl.,
1391 1237 1475 1278 378
1489 1235 1568 1277 sed
1583 1236 1755 1277 interest
1772 1235 1929 1292 aliquid
1945 1243 2054 1279 inter
2068 1238 2175 1279 radi
2184 1245 2224 1279 et
2241 1238 2436 1286 tonderi,·
2463 1239 2640 1281 raditur

235 1310 369 1360 barba
398 1317 468 1358 vel
497 1318 624 1359 etiam
655 1324 785 1369 caput
816 1312 1047 1363 novacula,
1078 1314 1280 1355 tondetur
1308 1313 1481 1364 lorfice,
1510 1314 1684 1355 vellitur
1710 1312 1906 1356 volsella.
1966 1314 2093 1356 Unde
2121 1314 2308 1370 legimus
2337 1316 2452 1370 apud
2483 1315 2636 1358 Sueto-

234 1396 347 1437 nium
379 1394 503 1437 Caes
531 1409 624 1449 cap.
653 1397 730 1434 45:
776 1390 910 1432 Circa
943 1394 1148 1444 corporis
1186 1404 1334 1433 curam
1350 1375 1352 1377 .
1371 1393 1611 1442 morosior,
1650 1397 1695 1433 ut
1731 1404 1817 1434 non
1855 1394 1989 1434 solum
2027 1393 2284 1435 tonderetur
2318 1391 2550 1448 diligenter
2584 1408 2638 1437 ac

235 1474 484 1522 raderetur,
513 1473 590 1513 sed
618 1473 744 1512 etiam
771 1471 1023 1511 velleretur.-
1070 1468 1213 1510 Nihilo
1243 1471 1382 1511 minus
1409 1465 1560 1513 'ribi'
1589 1470 1806 1521 concedo,
1847 1479 1996 1513 nostro
2034 1470 2134 1512 loco
2175 1472 2266 1511 sive
2305 1471 2510 1514 adrasum
2548 1474 2640 1516 sive

236 1553 445 1594 abrasum
475 1551 601 1605 legis,
622 1551 677 1590 de
709 1550 846 1591 barba
875 1547 1198 1603 intelligendum
1230 1561 1342 1589 esse.
1390 1547 1486 1589 Non
1518 1548 1627 1589 enim
1657 1549 1921 1589 radebantur
1948 1550 2104 1604 capitis
2127 1550 2269 1591 crines
2297 1550 2377 1592 nisi
2398 1563 2639 1603 servorum,

236 1645 364 1686 quum
384 1629 581 1671 libertate
601 1629 865 1669 donarentur
887 1626 1001 1679 (Vid.
1018 1626 1108 1668 Liv.
1125 1630 1194 1676 34,
1215 1630 1270 1667 52
1285 1636 1325 1667 et
1345 1630 1414 1677 45,
1429 1630 1493 1667 -Η,
1558 1625 1690 1668 Plaut.
1720 1626 1927 1682 Amphitr.
1960 1628 2004 1678 1.,
2038 1632 2075 1678 l,
2105 1631 2199 1669 :wa
2259 1628 2445 1671 luvenal.
2466 1629 2533 1682 V„
2559 1633 2639 1673 172

237 1714 381 1758 et1‘2,
410 1713 475 1749 81.
534 1707 657 1748 Serv.
697 1707 754 1748 ad
785 1706 901 1761 Virg.
941 1706 1049 1747 Aen.
1084 1708 1135 1755 8,
1164 1708 1291 1757 569),
1334 1715 1375 1746 et
1411 1704 1634 1761 naufragio
1672 1703 1947 1748 liberatorum
1991 1704 2060 1746 vel
2100 1719 2271 1756 eorum,
2312 1709 2382 1763 qui
2422 1720 2446 1749 e
2486 1710 2638 1751 morbo

236 1786 480 1843 periculoso
518 1783 828 1827 convaluerunt
868 1783 972 1835 (Vid
1022 1783 1118 1824 Non
1166 1781 1359 1824 Marcell.
1392 1797 1489 1839 pag.
1519 1786 1600 1824 52⁸3
1632 1785 1728 1824 edit.
1760 1783 1979 1834 Meroen).
2039 1783 2238 1825 Ceterum
2278 1786 2483 1827 adrasum
2519 1785 2638 1828 illum

236 1866 406 1908 cultello
420 1864 637 1918 proprios
653 1868 909 1918 purgantem
929 1863 1084 1903 leniter
1105 1875 1264 1917 unques
1291 1876 1376 1902 non
1408 1875 1506 1902 cum
1528 1861 1689 1903 Rittero
1714 1864 2009 1917 conspexerim
2039 1876 2181 1904 vacua
2202 1864 2246 1904 in
2262 1863 2415 1905 umbra
2443 1866 2638 1907 „arboris

237 1945 291 1986 ad
320 1944 492 1985 domum
526 1941 712 1982 tonsoris
741 1942 946 1994 positae“,
977 1940 1053 1981 sed
1084 1940 1127 1980 in
1154 1939 1248 1993 ipsa
1278 1940 1465 1981 tonsoris
1494 1940 1645 1980 umbra
1672 1940 1698 1980 i.
1723 1953 1760 1981 e.
1799 1941 2004 1990 taberna,
2045 1942 2269 1982 tonstrina.
2327 1941 2437 1984 Nam
2458 1933 2637 1985 umbrae

235 2023 504 2064 vocabuntur
542 2020 738 2068 omnino,
777 2032 890 2072 quae
927 2019 1122 2074 umbram
1159 2017 1343 2067 faciunt,
1384 2026 1428 2058 ut
1469 2019 1702 2067 tabernae,
1745 2031 1876 2059 casae
1913 2017 2144 2067 frondeae,
2189 2022 2391 2070 tentoria,
2432 2021 2636 2074 porticus,

237 2099 333 2140 Vid.
364 2098 489 2140 Ovid.
519 2097 568 2138 A.
600 2098 648 2138 A.
679 2096 692 2137 l
717 2128 729 2146 ,
759 2098 815 2138 67
844 2106 882 2137 et
915 2095 979 2136 lll.
1010 2098 1104 2137 387.
1178 2094 1347 2137 Martial
1377 2094 1473 2145 XL,
1503 2098 1582 2145 49,
1613 2096 1683 2137 ubi
1713 2095 1865 2137 umbra
1894 2093 2096 2149 Pompeii
2121 2110 2200 2150 pro
2230 2098 2398 2151 porticu
2433 2097 2634 2153 Pompeii.

235 2177 398 2219 Eodem
436 2176 564 2217 modo
603 2175 719 2229 apud
759 2174 956 2216 Graecos
995 2172 1091 2214 σκιαί
1127 2187 1206 2228 pro
1245 2173 1375 2224 σκηνή.
1434 2172 1568 2215 Tales
1597 2182 1737 2215 autem
1765 2174 1995 2225 tabernae,
2026 2187 2139 2229 quae
2167 2176 2316 2229 parieti
2346 2176 2513 2218 aedium
2544 2176 2636 2218 affi-

237 2259 470 2312 gebantur,
506 2261 600 2309 'quo
628 2234 825 2294 homines
854 2251 1067 2305 opificium
1097 2252 1153 2293 ibi
1184 2260 1436 2293 exercentes
1465 2259 1507 2291 et
1543 2265 1614 2292 res
1650 2250 1827 2292 venales
1855 2253 2224 2305 praetereuntibus
2254 2262 2399 2294 essent
2429 2266 2633 2309 conspec-

236 2335 391 2383 tiores,
428 2331 644 2388 hodieque
680 2331 723 2373 in
760 2329 907 2373 ltaliae
946 2330 1116 2386 oppidis
1150 2329 1397 2385 frequentes
1432 2338 1545 2372 suut.
1604 2329 1872 2372 Domitianus
1901 2329 2074 2372 demum
2102 2331 2223 2373 vicos
2260 2346 2286 2374 a
2318 2333 2507 2374 tabernis
2535 2332 2633 2383 illis,

239 2410 444 2454 aedificiis
480 2408 705 2464 praefixis,
734 2409 945 2458 liberavit,
977 2416 1020 2449 ut
1050 2409 1233 2461 spatium
1265 2408 1441 2449 daretur
1470 2422 1547 2462 per
1576 2409 1722 2448 urbem
1752 2407 2082 2467 ambulantibus.
2144 2408 2246 2449 lnde
2275 2422 2327 2450 ex
2357 2422 2409 2450 eo
2439 2418 2636 2465 tempore

237 2489 473 2533 secundum
504 2486 674 2529 Martial
704 2486 819 2537 Vll.,
847 2489 915 2528 65.

773 2562 958 2614 Tonsor,
988 2576 1152 2618 caupo,
1183 2575 1368 2618 coquus,
1398 2564 1539 2605 lamias
1561 2577 1640 2605 sua
1669 2564 1815 2606 limina
1841 2569 2019 2605 servant

771 2640 896 2683 Nunc
926 2640 1067 2682 Roma
1097 2647 1172 2690 est,
1201 2653 1341 2693 nuper
1368 2654 1525 2695 maqna
1554 2640 1737 2682 taberna
1762 2640 1860 2692 luit.

237 2721 470 2764 Praeterea
505 2720 620 2760 urbis
661 2717 825 2761 Romae
860 2717 1029 2773 plateae
1066 2726 1151 2759 tam
1189 2725 1400 2773 angustae
1438 2726 1583 2768 erant,
1625 2727 1667 2758 ut
1694 2719 1921 2759 arboribus
1949 2719 1991 2759 in
2020 2719 2070 2775 iis
2099 2716 2223 2759 locus
2246 2732 2332 2759 non
2361 2729 2487 2759 esset.
2549 2719 2635 2761 Vix

236 2798 321 2842 alia
358 2805 457 2842 ante
495 2795 691 2840 aedificia
731 2797 1077 2851 conspiciebatur
1114 2796 1266 2846 arbor,
1307 2810 1436 2851 quam
1473 2795 1620 2838 laurus
1658 2796 1839 2838 ianitrix
1877 2795 2110 2838 Caesarum
2143 2797 2479 2851 pontificumque.
2538 2797 2635 2839 Vid.

236 2875 342 2919 Plin.
374 2874 422 2917 H.
452 2874 500 2916 N.
532 2876 599 2918 15.
629 2877 697 2916 39.
755 2873 878 2916 Ovid.
910 2873 1011 2916 Met.
1040 2874 1092 2924 l.,
1122 2877 1219 2915 5132.

435 2952 568 3007 Epist.
598 2952 614 2991 1
638 2981 650 3000 ,
683 2955 758 3000 15,
789 2937 843 2992 16
872 2965 927 2993 ne
954 2951 1085 2994 hodie
1113 2952 1282 3007 quidem
1312 2953 1568 3007 scripturam
1596 2951 1746 2993 Dulcis
1774 2964 1927 3007 aquae,
1959 2965 2087 3007 quam
2118 2950 2371 2994 Blandinius
2400 2953 2637 2995 vetustissi-

236 3045 354 3082 mus,
394 3029 622 3072 Gothanus
656 3030 840 3084 optimus
879 3029 1035 3085 aliique
1073 3024 1196 3072 codd.
1227 3039 1419 3081 tuentur,
1459 3031 1710 3073 mutaverim
1742 3043 1838 3071 cuni
1868 3042 1944 3080 ea,
1975 3044 2103 3085 quarn
2132 3031 2231 3074 Tu
2261 3030 2483 3084 recepisti,
2523 3028 2639 3086 11191'3

236 3123 397 3165 aquae,
436 3108 594 3163 quippe
631 3120 745 3162 quae
783 3120 836 3148 ex
876 3107 1026 3164 glossa
1064 3107 1315 3164 marginali,
1354 3121 1440 3163 qua
1468 3107 1737 3162 praecedens
1765 3119 1979 3161 perennes
2008 3105 2271 3162 explicetur,
2311 3108 2354 3149 in
2388 3114 2638 3151 contextum

234 3187 463 3242 irrepsisse
498 3185 702 3227 videatur.
770 3185 880 3228 Nam
924 3185 1260 3241 quodRitterus
1297 3185 1423 3236 dicit,
1470 3186 1783 3241 dulctsaquae
1819 3199 1875 3226 ne
1912 3185 2133 3234 latinum„
2155 3186 2312 3228 nedum
2355 3184 2638 3228 Horatianum

236 3277 349 3316 esse,
380 3261 482 3304 nihil
511 3275 668 3304 moror.
726 3245 939 3306 Conseras
967 3262 1093 3307 velim
1125 3262 1244 3320 Virg.
1277 3261 1436 3319 Genrg.
1465 3262 1551 3315 lV.,
1579 3266 1657 3307 ωε

774 3365 822 3372 -
854 3342 1000 3397 (apes)
1029 3355 1166 3398 aquas
1195 3340 1338 3385 dulces
1364 3346 1405 3384 et
1429 3340 1620 3394 frondea
1647 3353 1816 3395 semper
1845 3339 1977 3384 Tecta
2001 3347 2163 3396 petunt.

235 3420 466 3463 Praeterea
496 3418 612 3475 apud
642 3416 928 3462 Columellam
959 3419 1014 3462 de
1044 3417 1092 3463 R.
1123 3418 1171 3462 R.
1202 3419 1252 3472 Ι.,
1282 3423 1322 3462 5.
1363 3418 1417 3462 de
1456 3417 1558 3462 villa
1595 3417 1852 3478 collocanda
1890 3418 2095 3475 legimus:
2146 3419 2213 3463 Sit
2242 3426 2380 3463 autem
2414 3421 2486 3462 vel
2518 3422 2642 3463 intra
