2895 3711
1443 133 1471 180 6

1258 189 1589 202 *wmfa
1594 191 1658 200 -Νν

226 270 359 315 ‚nuti
385 267 523 312 Bolbe
544 269 667 312 docti
688 274 734 312 ut
761 268 1130 312 mfflltovnm's
1156 269 1477 315 macram
1506 269 1758 312 tarditatem
1785 267 1894 323 (Cic.
1925 267 2045 310 Brut-
2063 271 2163 324 4².)
2201 278 2245 312 et
2278 269 2370 314 alia
2391 271 2659 322 ,eiusnodi

246 347 696 395 Vocabuhmxautem
719 349 899 404 pinquis
922 356 1058 404 auget
1087 356 1129 390 et
1157 348 1200 390 in
1228 348 1351 403 peius
1379 346 1503 390 effert
1531 348 1657 390 tardi
1680 348 1910 390 notionem.

260 439 262 441 ’
446 425 526 470 His
553 426 809 481 praemissis
836 425 970 467 redeo
999 425 1057 468 ad
1079 424 1428 475 scholiastae-nm,
1449 425 1664 475 Lambini,
1692 423 1962 480 aliorumque
1989 423 2076 467 loci
2103 426 2458 481 explicationem:
2485 426 2535 468 Si
2563 428 2658 482 quis

244 505 410 560 probus
436 504 668 547 nobiscum
694 504 821 555 vivit,
859 516 959 545 euru
987 502 1169 545 dicimus
1197 516 1298 545 esse
1324 503 1540 545 hominem
1569 501 1749 544 multum
1778 501 2015 544 demissum
2043 509 2087 545 et
2114 504 2356 554 abiectum,
2393 506 2432 546 si
2467 505 2565 559 quis
2589 511 2660 547 est

242 582 411 634 tardus,
440 595 540 626 eum
567 579 841 638 appellamus
871 581 1087 636 pinguem.
1144 578 1418 638 Quamquam
1444 579 1528 624 illis
1556 580 1659 623 viris
1678 579 1816 622 doctis
1837 580 1880 623 in
1901 593 1954 623 eo
1974 581 2175 624 assentiri
2202 596 2290 625 non
2319 587 2512 639 possum,
2542 582 2658 639 quod

243 661 313 705 illi
336 661 490 717 legunt
513 674 596 716 pro
622 660 706 703 iile.
763 658 951 702 Prorsus
990 658 1143 702 eodem
1180 658 1312 701 modo
1346 659 1419 701 ille
1444 660 1488 701 in
1517 658 1603 700 fine
1631 671 1786 701 versus
1824 665 1953 713 atque
1989 659 2180 713 apodosi.
2199 659 2357 716 legitur
2389 661 2431 702 in
2470 659 2658 715 epistola

244 738 302 783 ad
333 737 480 782 Pison.
508 752 548 781 v.
576 740 682 781 35⁷:

257 810 261 817 '
782 813 859 857 Sic
888 814 1012 872 milti,
1043 815 1119 870 qui
1142 814 1312 857 nultum
1340 817 1501 863 cessat,
1527 812 1575 866 fit
1603 811 1828 857 choen-ibas
1856 814 1940 857 iile.

447 893 493 935 ln
522 892 715 935 eiusdem
746 891 918 935 Satirae
946 891 1046 933 loco
1076 906 1115 933 v.
1144 895 1198 934 ol
1214 890 1352 941 -64‚
1382 891 1455 946 qui
1483 892 1525 932 in
1554 890 1675 933 libris
1702 891 1874 945 scriptis
1902 893 1962 933 ita
1990 889 2171 946 legiturz

782 967 1037 1023 &⁰1¹⁸er
1065 970 1162 1025 quis
1190 974 1233 1011 et
1260 974 1340 1019 est,
1368 969 1533 1023 qualem
1561 983 1625 1011 me
1650 982 1784 1022 saepe
1812 968 1994 1011 libenter

781 1045 1022 1089 obtulerim
1049 1046 1153 1097 tibi,
1181 1046 1442 1096 Maecenas,
1470 1052 1516 1088 ut
1540 1046 1663 1099 sorte
1689 1047 1895 1103 leyentem

785 1126 872 1168 Aut
898 1128 1075 1167 tactum
1102 1126 1296 1178 &apellat
1316 1125 1473 1181 quovis
1499 1138 1698 1167 samone
1724 1125 1957 1175 „molestus

778 1200 1009 1244 Communi
1029 1216 1158 1245 sensu
1180 1204 1318 1256 plane
1346 1206 1502 1245 caret“
1529 1204 1747 1257 inquimus.
1778 1226 1828 1233 —

242 1290 365 1326 recte
392 1282 593 1324 molestus
620 1292 660 1322 v.
689 1282 748 1322 68
774 1280 832 1322 ad
858 1280 1085 1336 sequentia
1114 1278 1308 1322 retulisti.
1364 1280 1476 1322 Nam
1505 1281 1543 1321 si
1572 1281 1671 1335 quis
1699 1292 1752 1321 eo
1781 1278 2062 1334 simplicitatis
2092 1283 2377 1335 processerit,
2406 1290 2452 1325 ut
2479 1281 2657 1338 loquen-

241 1363 359 1404 tibus
395 1361 523 1402 nobis
559 1368 636 1401 aut
664 1359 804 1401 tacitis
834 1360 990 1413 quovis
1026 1372 1228 1401 sermone
1265 1360 1322 1401 sit
1358 1358 1588 1407 molestus,
1627 1352 1797 1400 summo
1836 1359 1930 1400 iure
1966 1360 2181 1399 communi
2210 1372 2342 1400 sensu
2372 1374 2467 1402 eum
2507 1374 2658 1403 carere

243 1438 455 1482 dicandus
484 1445 565 1479 est.
623 1435 670 1478 ld
698 1450 819 1486 vero,
849 1446 895 1477 ut
922 1437 1035 1479 bene
1064 1444 1209 1479 monet
1228 1435 1455 1479 Herbstius
1481 1436 1769 1486 Gedanensis,
1797 1444 2009 1491 repugnat
2025 1435 2187 1479 Horatii
2216 1437 2423 1488 consilio,-
2440 1441 2512 1493 qui
2543 1439 2658 1494 quod

241 1516 343 1560 talis
369 1515 501 1558 homo
531 1512 774 1570 deliquerit,
814 1513 953 1557 levius
981 1514 1118 1556 videri
1148 1513 1261 1565 vult,
1292 1516 1469 1570 gravius
1498 1523 1672 1564 contra,
1703 1514 1819 1570 quod
1849 1513 2007 1568 vulgus
2036 1513 2257 1557 hominum
2285 1516 2477 1559 iudicare
2505 1515 2657 1558 soleat.

244 1594 390 1638 Versu
417 1596 472 1636 ol
503 1591 618 1635 Guil.
647 1590 967 1635 Schneidewini
995 1593 1132 1635 nostri
1160 1593 1452 1636 coniecturam
1483 1591 1636 1634 libenti
1660 1605 1741 1646 pro
1770 1590 1953 1634 libenter
1981 1592 2024 1634 in
2054 1601 2303 1635 contextum
2331 1594 2545 1648 recepisti.
2611 1593 2657 1636 lu

242 1671 428 1716 eandem
457 1669 576 1713 haud
604 1669 896 1725 spernendam
926 1669 1219 1712 coniecturam
1257 1670 1297 1712 J.
1336 1671 1461 1726 Apitz
1496 1670 1662 1720 incidit,
1702 1669 1774 1725 qui
1811 1668 2091 1711 Praedicowii
2128 1679 2172 1712 et
2210 1669 2403 1714 Horkelii
2440 1670 2657 1712 Meinekio

243 1751 432 1807 probata
459 1748 714 1791 coniectura
741 1747 920 1790 licenter
947 1748 1134 1800 reiecta,
1170 1747 1325 1791 libenti
1348 1748 1536 1804 explicat
1565 1745 1718 1803 οἰομένῳ
1742 1763 1802 1789 σοι
1817 1778 1827 1794 .
1866 1761 1953 1803 qua
1988 1746 2180 1790 admissa
2209 1750 2361 1804 negari
2388 1762 2476 1791 non
2503 1755 2658 1804 potest,

242 1828 570 1878 Maecenatem,
600 1834 647 1870 ut
674 1827 746 1882 qui
775 1840 872 1870 eam
900 1825 1214 1881 simplicitatem
1244 1841 1272 1870 a
1301 1825 1433 1882 vulgo
1463 1826 1710 1870 damnatam
1740 1825 1920 1869 Horatio
1948 1827 2090 1870 amico
2119 1826 2453 1878 condonaverit,
2483 1828 2659 1883 egregie

242 1906 423 1950 laudari.
482 1906 539 1947 At
575 1905 704 1956 nosti,
746 1893 825 1947 Vir
861 1905 1145 1956 amicissime,
1193 1913 1400 1962 quantum
1437 1905 1635 1947 codicum
1675 1905 1937 1959 scriptorum
1971 1906 2206 1947 auctoritas
2241 1906 2358 1960 apud
2393 1919 2462 1947 me
2501 1905 2658 1949 valeat.

242 1984 397 2041 ltaque
423 1996 512 2026 non
542 1984 698 2027 minim
727 1982 878 2030 'nm
906 1982 1145 2035 videbitur,
1177 1983 1215 2026 si
1243 1983 1500 2038 scripturam
1531 1985 1718 2025 omnium
1746 1982 1954 2025 librorum
1983 1990 2203 2027 servatam
2233 1982 2383 2034 velim3
2423 1990 2466 2027 et
2493 1985 2660 2028 servari

243 2071 413 2119 potest,
444 2062 676 2105 dummodo
705 2063 841 2105 verba
869 2059 995 2105 aliter
1024 2061 1318 2116 explicentur,
1359 2076 1490 2117 quam
1518 2076 1547 2104 a
1574 2063 1671 2107 Te
1699 2060 1858 2105 tactum
1886 2062 2026 2104 video.
2083 2063 2190 2107 Tu·
2213 2064 2325 2104 enim
2359 2063 2660 2116 interpretatus

245 2155 318 2184 es:
358 2154 432 2185 „so
470 2140 552 2182 wie
587 2139 658 2182 ich
692 2140 802 2182 mich
838 2138 905 2193 ost
938 2152 1079 2195 yeyen
1106 2140 1205 2182 diclt
1234 2140 1478 2183 benammen
1505 2138 1660 2189 habe“‚
1697 2153 1781 2195 ego
1811 2141 1876 2182 sic
1903 2141 2157 2194 accipienda
2183 2141 2446 2195 putaverim:
2485 2142 2564 2182 wie
2590 2141 2659 2182 ich

243 2217 312 2273 oft
334 2230 448 2275 yern
475 2217 552 2261 dir
579 2222 926 2274 entyeyentreten
954 2218 1156 2261 mlichte.“
1213 2215 1543 2260 Cuniunctivum
1581 2219 1787 2271 temporis
1823 2216 2004 2284 perlecti
2031 2219 2092 2261 ita
2121 2216 2327 2272 explicari
2353 2231 2505 2272 posse,
2544 2219 2659 2268 Tu,

242 2297 627 2354 grammaticorum
650 2295 918 2346 doctissime,
947 2294 1077 2338 facile
1110 2295 1210 2338 mihi
1241 2295 1480 2345 concedas3
1512 2295 1610 2337 vide
1637 2303 1782 2338 tamen
1812 2294 1901 2337 Sat.
1932 2295 1974 2345 l.,
2002 2298 2046 2347 5,
2076 2300 2156 2338 44:
2197 2295 2277 2338 Nil
2302 2310 2381 2352 eqo
2410 2296 2661 2338 contulerim

242 2375 427 2419 ἅιαιηάο
454 2387 587 2416 sanus
614 2374 765 2416 amico.
804 2372 1022 2429 Cupiebat
1041 2383 1195 2416 autem
1224 2378 1353 2428 poeta
1382 2375 1565 2416 amicum
1595 2388 1800 2428 magnum
1828 2372 2044 2428 legentem
2070 2382 2144 2415 aut
2171 2375 2349 2416 tacitum
2378 2374 2483 2426 (den
2512 2376 2555 2415 in
2576 2373 2660 2432 Ge-

244 2453 421 2497 danken
449 2452 780 2505 versunkenen)
809 2451 1104 2507 interpellare,
1133 2460 1182 2494 ut
1209 2464 1340 2493 curas
1368 2452 1632 2494 domesticas
1660 2460 1704 2493 et
1733 2450 1947 2506 publicas,
1977 2453 2135 2506 quibus
2164 2460 2368 2494 oneratus
2396 2459 2504 2501 erat,
2539 2451 2660 2494 dissi·

243 2540 370 2588 paret
397 2542 584 2586 eumque
612 2543 692 2572 suo
721 2518 965 2572 interventu
993 2530 1048 2572 ad
1078 2528 1337 2572 hilaritatem
1367 2538 1610 2573 revocaret.

447 2608 535 2652 lam
564 2616 839 2652 transeamus
876 2609 933 2651 ad
971 2607 1102 2651 alium
1132 2608 1297 2659 locum,
1335 2609 1406 2664 qui
1444 2608 1601 2665 legitur
1639 2607 1729 2649 Sat.
1771 2606 1822 2657 l.,
1862 2611 1910 2658 4,
1950 2611 2017 2650 25.
2047 2611 2121 2660 26,
2160 2610 2202 2650 in
2240 2608 2426 2650 editione
2463 2605 2556 2649 Tua
2596 2607 2659 2650 sic

239 2700 527 2745 expressum:

1325 2789 1380 2810 ,-
1412 2765 1614 2817 Quemvis
1639 2765 1781 2807 media
1808 2779 1911 2808 erue
1940 2765 2070 2808 turba

786 2841 874 2885 Aut
911 2841 977 2884 ab
1017 2842 1280 2884 avaritia
1317 2848 1393 2886 anit
1430 2844 1592 2886 misera
1625 2843 1859 2887 ambitione
1895 2843 2086 2888 laborat.

447 2920 516 2963 Tu
544 2918 819 2962 exudendum
849 2919 1009 2961 curasti
1039 2932 1157 2969 erue,
1186 2921 1304 2975 quod
1324 2921 1512 2963 omnium
1538 2921 1711 2963 minime
1740 2920 2021 2964 confirmatur
2051 2921 2249 2963 codicum
2278 2931 2362 2961 scr.
2391 2921 2657 2962 auctoritate.

241 2999 356 3042 Nam
385 3005 503 3041 errat
530 2995 822 3047 Kirchnerus,
862 3010 992 3052 quum
1021 2997 1064 3038 in
1093 3005 1308 3051 apparatu
1335 2998 1484 3039 critico
1513 3006 1603 3040 tres
1636 2998 1762 3040 codd.
1791 2998 2046 3040 Blandinios
2074 2997 2283 3039 exhibere
2318 3010 2421 3038 erue
2449 2996 2658 3046 aifirmat3

242 3078 375 3121 immo
412 3085 588 3131 praeter
622 3089 778 3127 unum,
819 3073 1113 3130 eundemque,
1151 3083 1357 3129 quantum
1395 3077 1561 3119 ratione
1598 3075 1752 3132 colligi·
1779 3083 1936 3130 potest,
1966 3076 2327 3125 vetustissimum,
2365 3075 2408 3117 in
2436 3089 2522 3130 quo
2550 3076 2659 3131 eliye

241 3155 450 3210 scriptum
478 3162 595 3205 erat,
634 3151 788 3209 reliqui
816 3152 978 3196 habent
1016 3154 1150 3207 eripe.
1209 3152 1364 3208 Longe
1389 3152 1559 3208 plurimi
1597 3163 1640 3197 et
1666 3155 1813 3209 optimi
1842 3154 2018 3197 codices
2047 3162 2219 3197 tuentur
2246 3154 2588 3208 antiquissimam
2616 3161 2659 3197 et

241 3241 346 3277 ante
382 3231 543 3276 Aldum
581 3230 801 3288 vulgatam
842 3232 1103 3286 scripturam
1144 3232 1278 3287 eliqe,
1321 3230 1392 3276 vel
1432 3233 1622 3276 Acronis
1662 3231 1927 3276 scholiastae
1969 3233 2213 3276 testimonio
2256 3232 2495 3286 probatam.
2569 3231 2658 3275 lam

237 3309 442 3355 Bentleio
479 3324 584 3355 eme
626 3307 744 3354 nullo
784 3309 915 3353 modo
958 3309 1270 3353 admittendum
1305 3323 1405 3353 esse
1447 3310 1695 3362 videbatur,
1737 3311 1948 3366 siquidem
1985 3312 2165 3354 verbum
2202 3323 2358 3353 emere
2391 3309 2660 3366 significaret
