<?xml version="1.0" encoding="UTF-8"?>
<!DOCTYPE html PUBLIC "-//W3C//DTD XHTML 1.0 Transitional//EN"
    "http://www.w3.org/TR/xhtml1/DTD/xhtml1-transitional.dtd">
<html xmlns="http://www.w3.org/1999/xhtml" xml:lang="en" lang="en">
 <head>
  <title>
</title>
<meta http-equiv="Content-Type" content="text/html;charset=utf-8" />
  <meta name='ocr-system' content='tesseract 3.04.00' />
  <meta name='ocr-capabilities' content='ocr_page ocr_carea ocr_par ocr_line ocrx_word'/>
</head>
<body>
  <div class='ocr_page' id='page_1' title='image "4769588_0016.png"; bbox 0 0 2895 3711; ppageno 0'>
   <div class='ocr_carea' id='block_1_1' title="bbox 1388 116 1444 163">
    <p class='ocr_par' dir='ltr' id='par_1_1' title="bbox 1388 116 1444 163">
     <span class='ocr_line' id='line_1_1' title="bbox 1388 116 1444 163; baseline 0 0"><span class='ocrx_word' id='word_1_1' title='bbox 1388 116 1444 163; x_wconf 88' lang='lat'><em>10</em></span> 
     </span>
    </p>
   </div>
   <div class='ocr_carea' id='block_1_2' title="bbox 198 234 2619 1633">
    <p class='ocr_par' dir='ltr' id='par_1_2' title="bbox 198 234 2616 544">
     <span class='ocr_line' id='line_1_2' title="bbox 198 234 2616 308; baseline 0 -13"><span class='ocrx_word' id='word_1_2' title='bbox 198 253 349 295; x_wconf 65' lang='lat' dir='ltr'><em>vam</em></span> <span class='ocrx_word' id='word_1_3' title='bbox 375 253 450 294; x_wconf 72' lang='lat' dir='ltr'><em>vet</em></span> <span class='ocrx_word' id='word_1_4' title='bbox 474 253 740 295; x_wconf 64' lang='lat' dir='ltr'><em>atr-mm</em></span> <span class='ocrx_word' id='word_1_5' title='bbox 766 234 964 295; x_wconf 58' lang='lat' dir='ltr'><em>m</em></span> <span class='ocrx_word' id='word_1_6' title='bbox 996 251 1128 307; x_wconf 69' lang='lat' dir='ltr'><em>tons</em></span> <span class='ocrx_word' id='word_1_7' title='bbox 1160 252 1444 307; x_wconf 74' lang='lat' dir='ltr'><em>perennis.</em></span> <span class='ocrx_word' id='word_1_8' title='bbox 1504 249 1558 293; x_wconf 67' lang='lat' dir='ltr'><em>sa·</em></span> <span class='ocrx_word' id='word_1_9' title='bbox 1581 250 1721 293; x_wconf 71' lang='lat' dir='ltr'><em>dem-it</em></span> <span class='ocrx_word' id='word_1_10' title='bbox 1740 238 1882 308; x_wconf 70' lang='lat' dir='ltr'><em>&#39;finem</em></span> <span class='ocrx_word' id='word_1_11' title='bbox 1910 251 2048 302; x_wconf 79' lang='lat' dir='ltr'><em>unda,</em></span> <span class='ocrx_word' id='word_1_12' title='bbox 2086 253 2277 306; x_wconf 66' lang='lat' dir='ltr'><em>putealis</em></span> <span class='ocrx_word' id='word_1_13' title='bbox 2305 257 2546 307; x_wconf 71' lang='lat' dir='ltr'><strong><em>quaeratur</em></strong></span> <span class='ocrx_word' id='word_1_14' title='bbox 2571 253 2616 295; x_wconf 66' lang='lat' dir='ltr'><em>ta</em></span> 
     </span>
     <span class='ocr_line' id='line_1_3' title="bbox 201 328 2616 387; baseline 0 -13"><span class='ocrx_word' id='word_1_15' title='bbox 201 332 364 382; x_wconf 76' lang='lat' dir='ltr'><em>vict&#39;tw,</em></span> <span class='ocrx_word' id='word_1_16' title='bbox 392 343 506 387; x_wconf 75' lang='lat' dir='ltr'><em>quae</em></span> <span class='ocrx_word' id='word_1_17' title='bbox 531 343 618 374; x_wconf 76' lang='lat' dir='ltr'><em>nott</em></span> <span class='ocrx_word' id='word_1_18' title='bbox 645 331 703 374; x_wconf 85' lang='lat' dir='ltr'><em>sit</em></span> <span class='ocrx_word' id='word_1_19' title='bbox 730 330 908 374; x_wconf 68' lang='lat' dir='ltr'><em>haustus</em></span> <span class='ocrx_word' id='word_1_20' title='bbox 931 330 1170 385; x_wconf 73' lang='lat' dir='ltr'><em>profundi,</em></span> <span class='ocrx_word' id='word_1_21' title='bbox 1199 343 1286 374; x_wconf 76' lang='lat' dir='ltr'><em>non</em></span> <span class='ocrx_word' id='word_1_22' title='bbox 1312 330 1500 373; x_wconf 85' lang='lat' dir='ltr'><em>amari</em></span> <span class='ocrx_word' id='word_1_23' title='bbox 1522 330 1702 384; x_wconf 84' lang='lat' dir='ltr'><em>saporis</em></span> <span class='ocrx_word' id='word_1_24' title='bbox 1730 334 1806 372; x_wconf 87' lang='lat' dir='ltr'><em>aut</em></span> <span class='ocrx_word' id='word_1_25' title='bbox 1832 330 1989 372; x_wconf 80' lang='lat' dir='ltr'><em>salsi.</em></span> <span class='ocrx_word' id='word_1_26' title='bbox 2030 354 2080 362; x_wconf 89' lang='lat'>—</span> <span class='ocrx_word' id='word_1_27' title='bbox 2113 328 2309 374; x_wconf 80' lang='lat' dir='ltr'><em>Ceterum</em></span> <span class='ocrx_word' id='word_1_28' title='bbox 2338 331 2400 373; x_wconf 83' lang='lat' dir='ltr'><em>ad</em></span> <span class='ocrx_word' id='word_1_29' title='bbox 2425 336 2616 374; x_wconf 73' lang='lat' dir='ltr'><em>aestuum</em></span> 
     </span>
     <span class='ocr_line' id='line_1_4' title="bbox 204 395 2615 465; baseline 0 -14"><span class='ocrx_word' id='word_1_30' title='bbox 204 408 512 463; x_wconf 70' lang='lat' dir='ltr'><em>temperandos</em></span> <span class='ocrx_word' id='word_1_31' title='bbox 539 409 714 462; x_wconf 75' lang='lat' dir='ltr'><em>calores</em></span> <span class='ocrx_word' id='word_1_32' title='bbox 742 414 785 451; x_wconf 86' lang='lat' dir='ltr'><em>et</em></span> <span class='ocrx_word' id='word_1_33' title='bbox 809 395 1107 453; x_wconf 69' lang='lat' dir='ltr'><em>amoenitatem</em></span> <span class='ocrx_word' id='word_1_34' title='bbox 1129 410 1323 452; x_wconf 86' lang='lat' dir='ltr'><em>locorum</em></span> <span class='ocrx_word' id='word_1_35' title='bbox 1348 409 1578 463; x_wconf 71' lang='lat' dir='ltr'><em>plurinum</em></span> <span class='ocrx_word' id='word_1_36' title='bbox 1605 406 1834 460; x_wconf 70' lang='lat' dir='ltr'><em>conferunt</em></span> <span class='ocrx_word' id='word_1_37' title='bbox 1860 408 2065 450; x_wconf 74' lang='lat' dir='ltr'><em>salientes</em></span> <span class='ocrx_word' id='word_1_38' title='bbox 2092 410 2195 460; x_wconf 83' lang='lat' dir='ltr'><em>rivi,</em></span> <span class='ocrx_word' id='word_1_39' title='bbox 2223 422 2331 465; x_wconf 81' lang='lat' dir='ltr'><em>quos</em></span> <span class='ocrx_word' id='word_1_40' title='bbox 2357 411 2402 451; x_wconf 82' lang='lat' dir='ltr'><em>si</em></span> <span class='ocrx_word' id='word_1_41' title='bbox 2425 410 2615 452; x_wconf 77' lang='lat' dir='ltr'><em>conditio</em></span> 
     </span>
     <span class='ocr_line' id='line_1_5' title="bbox 205 486 2331 544; baseline -0.001 -14"><span class='ocrx_word' id='word_1_42' title='bbox 205 488 297 530; x_wconf 84' lang='lat' dir='ltr'><em>loci</em></span> <span class='ocrx_word' id='word_1_43' title='bbox 315 488 540 542; x_wconf 78' lang='lat' dir='ltr'><em>patietur,</em></span> <span class='ocrx_word' id='word_1_44' title='bbox 569 489 900 544; x_wconf 67' lang='lat' dir='ltr'><em>qualescumque,</em></span> <span class='ocrx_word' id='word_1_45' title='bbox 929 488 1151 531; x_wconf 83' lang='lat' dir='ltr'><em>dummodo</em></span> <span class='ocrx_word' id='word_1_46' title='bbox 1181 488 1246 530; x_wconf 85' lang='lat' dir='ltr'><em>du</em></span> <span class='ocrx_word' id='word_1_47' title='bbox 1258 489 1305 531; x_wconf 91' lang='lat' dir='ltr'><em>lc</em></span> <span class='ocrx_word' id='word_1_48' title='bbox 1317 501 1395 538; x_wconf 85' lang='lat' dir='ltr'><em>es,</em></span> <span class='ocrx_word' id='word_1_49' title='bbox 1422 488 1567 542; x_wconf 80' lang='lat' dir='ltr'><em>utique</em></span> <span class='ocrx_word' id='word_1_50' title='bbox 1587 486 1894 540; x_wconf 79' lang='lat' dir='ltr'><em>perducendos</em></span> <span class='ocrx_word' id='word_1_51' title='bbox 1921 487 1966 528; x_wconf 70' lang='lat' dir='ltr'><em>in</em></span> <span class='ocrx_word' id='word_1_52' title='bbox 1993 486 2140 529; x_wconf 83' lang='lat' dir='ltr'><em>villam</em></span> <span class='ocrx_word' id='word_1_53' title='bbox 2168 501 2331 530; x_wconf 84' lang='lat' dir='ltr'><em>censeo.</em></span> 
     </span>
    </p>

    <p class='ocr_par' dir='ltr' id='par_1_3' title="bbox 406 563 2106 619">
     <span class='ocr_line' id='line_1_6' title="bbox 406 563 2106 619; baseline -0.001 -13"><span class='ocrx_word' id='word_1_54' title='bbox 406 563 544 619; x_wconf 84' lang='lat' dir='ltr'><em>Epist.</em></span> <span class='ocrx_word' id='word_1_55' title='bbox 575 565 617 615; x_wconf 89' lang='lat' dir='ltr'><em>l.‚</em></span> <span class='ocrx_word' id='word_1_56' title='bbox 648 569 715 613; x_wconf 80' lang='lat'><em>16,</em></span> <span class='ocrx_word' id='word_1_57' title='bbox 743 568 813 607; x_wconf 73' lang='lat'><em>43.</em></span> <span class='ocrx_word' id='word_1_58' title='bbox 841 573 961 607; x_wconf 89' lang='lat' dir='ltr'><em>recte</em></span> <span class='ocrx_word' id='word_1_59' title='bbox 989 578 1087 607; x_wconf 86' lang='lat' dir='ltr'><em>cum</em></span> <span class='ocrx_word' id='word_1_60' title='bbox 1117 565 1270 607; x_wconf 85' lang='lat' dir='ltr'><em>codice</em></span> <span class='ocrx_word' id='word_1_61' title='bbox 1297 565 1527 607; x_wconf 82' lang='lat' dir='ltr'><em>Blandinio</em></span> <span class='ocrx_word' id='word_1_62' title='bbox 1557 564 1844 606; x_wconf 87' lang='lat' dir='ltr'><em>vetustissimo</em></span> <span class='ocrx_word' id='word_1_63' title='bbox 1872 565 2106 605; x_wconf 72' lang='lat' dir='ltr'><em>retinuisti:</em></span> 
     </span>
    </p>

    <p class='ocr_par' dir='ltr' id='par_1_4' title="bbox 201 640 2618 1397">
     <span class='ocr_line' id='line_1_7' title="bbox 411 640 2618 698; baseline 0 -13"><span class='ocrx_word' id='word_1_64' title='bbox 411 641 508 694; x_wconf 81' lang='lat' dir='ltr'><em>Quo</em></span> <span class='ocrx_word' id='word_1_65' title='bbox 541 656 636 686; x_wconf 79' lang='lat' dir='ltr'><em>res</em></span> <span class='ocrx_word' id='word_1_66' title='bbox 670 655 949 697; x_wconf 78' lang='lat' dir='ltr'><em>sponsore</em></span> <span class='ocrx_word' id='word_1_67' title='bbox 986 647 1028 684; x_wconf 90' lang='lat' dir='ltr'><em>et</em></span> <span class='ocrx_word' id='word_1_68' title='bbox 1067 655 1151 698; x_wconf 81' lang='lat' dir='ltr'><em>quo</em></span> <span class='ocrx_word' id='word_1_69' title='bbox 1189 656 1370 686; x_wconf 81' lang='lat' dir='ltr'><em>caussae</em></span> <span class='ocrx_word' id='word_1_70' title='bbox 1405 646 1512 684; x_wconf 84' lang='lat' dir='ltr'><em>teste</em></span> <span class='ocrx_word' id='word_1_71' title='bbox 1549 646 1746 683; x_wconf 80' lang='lat' dir='ltr'><em>tenentur</em></span> <span class='ocrx_word' id='word_1_72' title='bbox 1784 655 1863 696; x_wconf 90' lang='lat' dir='ltr'><em>pro</em></span> <span class='ocrx_word' id='word_1_73' title='bbox 1892 655 1979 697; x_wconf 89' lang='lat' dir='ltr'><em>quo</em></span> <span class='ocrx_word' id='word_1_74' title='bbox 2010 640 2198 684; x_wconf 84' lang='lat' dir='ltr'><em>Ritterus</em></span> <span class='ocrx_word' id='word_1_75' title='bbox 2230 641 2324 694; x_wconf 83' lang='lat' dir='ltr'><em>Quo</em></span> <span class='ocrx_word' id='word_1_76' title='bbox 2352 655 2618 697; x_wconf 54' lang='lat' dir='ltr'><em>responsore</em></span> 
     </span>
     <span class='ocr_line' id='line_1_8' title="bbox 204 719 2615 776; baseline 0 -14"><span class='ocrx_word' id='word_1_77' title='bbox 204 721 391 765; x_wconf 83' lang='lat' dir='ltr'><em>reduxit.</em></span> <span class='ocrx_word' id='word_1_78' title='bbox 450 719 587 763; x_wconf 82' lang='lat' dir='ltr'><em>Recte</em></span> <span class='ocrx_word' id='word_1_79' title='bbox 609 723 735 763; x_wconf 81' lang='lat' dir='ltr'><em>etiam</em></span> <span class='ocrx_word' id='word_1_80' title='bbox 755 721 988 762; x_wconf 83' lang='lat' dir='ltr'><em>novissima</em></span> <span class='ocrx_word' id='word_1_81' title='bbox 1008 720 1195 762; x_wconf 77' lang='lat' dir='ltr'><em>editione</em></span> <span class='ocrx_word' id='word_1_82' title='bbox 1207 720 1301 763; x_wconf 78' lang='lat' dir='ltr'><em>Tun</em></span> <span class='ocrx_word' id='word_1_83' title='bbox 1324 721 1542 763; x_wconf 72' lang='lat' dir='ltr'><em>restituisti</em></span> <span class='ocrx_word' id='word_1_84' title='bbox 1568 720 1824 774; x_wconf 86' lang='lat' dir='ltr'><em>optimorum</em></span> <span class='ocrx_word' id='word_1_85' title='bbox 1840 719 1963 761; x_wconf 86' lang='lat' dir='ltr'><em>codd.</em></span> <span class='ocrx_word' id='word_1_86' title='bbox 1980 720 2235 775; x_wconf 73' lang='lat' dir='ltr'><em>scripturam</em></span> <span class='ocrx_word' id='word_1_87' title='bbox 2252 719 2384 776; x_wconf 84' lang='lat' dir='ltr'><em>Epist.</em></span> <span class='ocrx_word' id='word_1_88' title='bbox 2403 720 2463 770; x_wconf 89' lang='grc' dir='ltr'>ΙΙ.,</span> <span class='ocrx_word' id='word_1_89' title='bbox 2483 725 2521 771; x_wconf 87' lang='lat'><em>1,</em></span> <span class='ocrx_word' id='word_1_90' title='bbox 2539 724 2615 763; x_wconf 72' lang='lat'><em>46:</em></span> 
     </span>
     <span class='ocr_line' id='line_1_9' title="bbox 205 796 2617 853; baseline 0 -13"><span class='ocrx_word' id='word_1_91' title='bbox 205 798 327 840; x_wconf 82' lang='lat' dir='ltr'><em>demo</em></span> <span class='ocrx_word' id='word_1_92' title='bbox 357 800 486 840; x_wconf 79' lang='lat' dir='ltr'><em>etiam</em></span> <span class='ocrx_word' id='word_1_93' title='bbox 513 810 637 840; x_wconf 80' lang='lat' dir='ltr'><em>unum</em></span> <span class='ocrx_word' id='word_1_94' title='bbox 673 811 755 852; x_wconf 87' lang='lat' dir='ltr'><em>pro</em></span> <span class='ocrx_word' id='word_1_95' title='bbox 795 803 834 838; x_wconf 86' lang='lat' dir='ltr'><em>et</em></span> <span class='ocrx_word' id='word_1_96' title='bbox 864 798 964 840; x_wconf 86' lang='lat' dir='ltr'><em>item</em></span> <span class='ocrx_word' id='word_1_97' title='bbox 990 811 1139 849; x_wconf 79' lang='lat' dir='ltr'><em>uuum,</em></span> <span class='ocrx_word' id='word_1_98' title='bbox 1180 807 1224 839; x_wconf 89' lang='lat' dir='ltr'><em>ut</em></span> <span class='ocrx_word' id='word_1_99' title='bbox 1262 796 1408 853; x_wconf 85' lang='lat' dir='ltr'><em>paullo</em></span> <span class='ocrx_word' id='word_1_100' title='bbox 1448 804 1546 851; x_wconf 83' lang='lat' dir='ltr'><em>post</em></span> <span class='ocrx_word' id='word_1_101' title='bbox 1583 810 1698 839; x_wconf 87' lang='lat' dir='ltr'><em>nunc</em></span> <span class='ocrx_word' id='word_1_102' title='bbox 1726 797 1932 851; x_wconf 86' lang='lat' dir='ltr'><em>primum:</em></span> <span class='ocrx_word' id='word_1_103' title='bbox 1977 799 2053 853; x_wconf 82' lang='lat' dir='ltr'><em>qui</em></span> <span class='ocrx_word' id='word_1_104' title='bbox 2073 799 2189 840; x_wconf 86' lang='lat' dir='ltr'><em>redit</em></span> <span class='ocrx_word' id='word_1_105' title='bbox 2218 800 2279 840; x_wconf 87' lang='lat' dir='ltr'><em>ad</em></span> <span class='ocrx_word' id='word_1_106' title='bbox 2301 799 2447 852; x_wconf 71' lang='lat' dir='ltr'><em>fastos</em></span> <span class='ocrx_word' id='word_1_107' title='bbox 2468 812 2546 852; x_wconf 85' lang='lat' dir='ltr'><em>pro</em></span> <span class='ocrx_word' id='word_1_108' title='bbox 2573 799 2617 840; x_wconf 77' lang='lat' dir='ltr'><em>iu</em></span> 
     </span>
     <span class='ocr_line' id='line_1_10' title="bbox 201 874 2617 938; baseline 0 -21"><span class='ocrx_word' id='word_1_109' title='bbox 201 876 369 929; x_wconf 77' lang='lat' dir='ltr'><em>fastos,</em></span> <span class='ocrx_word' id='word_1_110' title='bbox 405 874 522 930; x_wconf 87' lang='lat' dir='ltr'><em>quod</em></span> <span class='ocrx_word' id='word_1_111' title='bbox 553 874 746 917; x_wconf 83' lang='lat' dir='ltr'><em>Ritterus</em></span> <span class='ocrx_word' id='word_1_112' title='bbox 773 874 918 918; x_wconf 82' lang='lat' dir='ltr'><em>habet.</em></span> <span class='ocrx_word' id='word_1_113' title='bbox 978 875 1054 918; x_wconf 86' lang='lat' dir='ltr'><em>Sic</em></span> <span class='ocrx_word' id='word_1_114' title='bbox 1082 876 1194 918; x_wconf 90' lang='lat' dir='ltr'><em>enlm</em></span> <span class='ocrx_word' id='word_1_115' title='bbox 1227 874 1441 938; x_wconf 77' lang='lat' dir='ltr'><em>Cruquius</em></span> <span class='ocrx_word' id='word_1_116' title='bbox 1474 876 1567 917; x_wconf 83' lang='lat' dir='ltr'><em>sine</em></span> <span class='ocrx_word' id='word_1_117' title='bbox 1604 875 1732 916; x_wconf 91' lang='lat' dir='ltr'><em>dubio</em></span> <span class='ocrx_word' id='word_1_118' title='bbox 1768 876 1927 917; x_wconf 83' lang='lat' dir='ltr'><em>invenit</em></span> <span class='ocrx_word' id='word_1_119' title='bbox 1964 876 2005 917; x_wconf 89' lang='lat' dir='ltr'><em>in</em></span> <span class='ocrx_word' id='word_1_120' title='bbox 2036 877 2234 918; x_wconf 83' lang='lat' dir='ltr'><em>omnibus</em></span> <span class='ocrx_word' id='word_1_121' title='bbox 2262 877 2352 918; x_wconf 74' lang='lat' dir='ltr'><em>suis</em></span> <span class='ocrx_word' id='word_1_122' title='bbox 2382 876 2617 927; x_wconf 85' lang='lat' dir='ltr'><em>codicibus,</em></span> 
     </span>
     <span class='ocr_line' id='line_1_11' title="bbox 205 951 2618 1009; baseline 0.001 -15"><span class='ocrx_word' id='word_1_123' title='bbox 205 966 317 1008; x_wconf 88' lang='lat' dir='ltr'><em>quos</em></span> <span class='ocrx_word' id='word_1_124' title='bbox 354 951 440 994; x_wconf 84' lang='lat' dir='ltr'><em>hoc</em></span> <span class='ocrx_word' id='word_1_125' title='bbox 475 951 574 995; x_wconf 89' lang='lat' dir='ltr'><em>loeo</em></span> <span class='ocrx_word' id='word_1_126' title='bbox 604 953 846 1007; x_wconf 76' lang='lat' dir='ltr'><em>inspexisse</em></span> <span class='ocrx_word' id='word_1_127' title='bbox 875 966 927 995; x_wconf 91' lang='lat' dir='ltr'><em>eo</em></span> <span class='ocrx_word' id='word_1_128' title='bbox 957 955 1190 1007; x_wconf 80' lang='lat' dir='ltr'><em>probatur,</em></span> <span class='ocrx_word' id='word_1_129' title='bbox 1230 954 1341 1009; x_wconf 90' lang='lat' dir='ltr'><em>quod</em></span> <span class='ocrx_word' id='word_1_130' title='bbox 1381 952 1596 995; x_wconf 75' lang='lat' dir='ltr'><em>diversam</em></span> <span class='ocrx_word' id='word_1_131' title='bbox 1636 953 1904 1007; x_wconf 86' lang='lat' dir='ltr'><em>quorundam</em></span> <span class='ocrx_word' id='word_1_132' title='bbox 1945 953 2145 996; x_wconf 82' lang='lat' dir='ltr'><em>codicum</em></span> <span class='ocrx_word' id='word_1_133' title='bbox 2182 955 2440 1008; x_wconf 75' lang='lat' dir='ltr'><em>scripturam</em></span> <span class='ocrx_word' id='word_1_134' title='bbox 2474 952 2618 1007; x_wconf 75' lang='lat' dir='ltr'><em>fastus</em></span> 
     </span>
     <span class='ocr_line' id='line_1_12' title="bbox 204 1029 2616 1086; baseline 0 -13"><span class='ocrx_word' id='word_1_135' title='bbox 204 1031 441 1073; x_wconf 76' lang='lat' dir='ltr'><em>annotavit.</em></span> <span class='ocrx_word' id='word_1_136' title='bbox 501 1030 666 1073; x_wconf 87' lang='lat' dir='ltr'><em>Redire</em></span> <span class='ocrx_word' id='word_1_137' title='bbox 694 1038 838 1073; x_wconf 82' lang='lat' dir='ltr'><em>autem</em></span> <span class='ocrx_word' id='word_1_138' title='bbox 868 1031 930 1073; x_wconf 87' lang='lat' dir='ltr'><em>ad</em></span> <span class='ocrx_word' id='word_1_139' title='bbox 956 1031 1137 1085; x_wconf 76' lang='lat' dir='ltr'><em>aliquem</em></span> <span class='ocrx_word' id='word_1_140' title='bbox 1167 1045 1208 1072; x_wconf 89' lang='lat' dir='ltr'><em>v.</em></span> <span class='ocrx_word' id='word_1_141' title='bbox 1239 1033 1300 1074; x_wconf 88' lang='lat' dir='ltr'><em>ad</em></span> <span class='ocrx_word' id='word_1_142' title='bbox 1321 1031 1486 1086; x_wconf 77' lang='lat' dir='ltr'><em>aliquid</em></span> <span class='ocrx_word' id='word_1_143' title='bbox 1512 1039 1576 1072; x_wconf 91' lang='lat' dir='ltr'><em>est</em></span> <span class='ocrx_word' id='word_1_144' title='bbox 1613 1031 1834 1085; x_wconf 80' lang='lat' dir='ltr'><em>relugere‚</em></span> <span class='ocrx_word' id='word_1_145' title='bbox 1876 1032 2018 1084; x_wconf 89' lang='lat' dir='ltr'><em>(seine</em></span> <span class='ocrx_word' id='word_1_146' title='bbox 2046 1029 2242 1073; x_wconf 80' lang='lat' dir='ltr'><em>zuflucht</em></span> <span class='ocrx_word' id='word_1_147' title='bbox 2271 1045 2322 1073; x_wconf 88' lang='lat' dir='ltr'><em>zu</em></span> <span class='ocrx_word' id='word_1_148' title='bbox 2351 1041 2487 1074; x_wconf 82' lang='lat' dir='ltr'><em>etwas</em></span> <span class='ocrx_word' id='word_1_149' title='bbox 2514 1031 2616 1078; x_wconf 81' lang='lat' dir='ltr'><em>neh-</em></span> 
     </span>
     <span class='ocr_line' id='line_1_13' title="bbox 204 1105 2616 1164; baseline 0.001 -14"><span class='ocrx_word' id='word_1_150' title='bbox 204 1115 352 1161; x_wconf 86' lang='lat' dir='ltr'><em>men),</em></span> <span class='ocrx_word' id='word_1_151' title='bbox 390 1116 435 1150; x_wconf 86' lang='lat' dir='ltr'><em>ut</em></span> <span class='ocrx_word' id='word_1_152' title='bbox 465 1108 580 1164; x_wconf 83' lang='lat' dir='ltr'><em>apud</em></span> <span class='ocrx_word' id='word_1_153' title='bbox 611 1105 700 1150; x_wconf 86' lang='lat' dir='ltr'><em>Cic.</em></span> <span class='ocrx_word' id='word_1_154' title='bbox 730 1108 785 1151; x_wconf 84' lang='lat' dir='ltr'><em>ad</em></span> <span class='ocrx_word' id='word_1_155' title='bbox 818 1108 903 1149; x_wconf 86' lang='lat' dir='ltr'><em>Att.</em></span> <span class='ocrx_word' id='word_1_156' title='bbox 933 1107 1032 1158; x_wconf 91' lang='lat' dir='ltr'><em>lV.‚</em></span> <span class='ocrx_word' id='word_1_157' title='bbox 1061 1110 1112 1159; x_wconf 82' lang='lat'><em>2,</em></span> <span class='ocrx_word' id='word_1_158' title='bbox 1144 1111 1222 1151; x_wconf 81' lang='lat'><em>11:</em></span> <span class='ocrx_word' id='word_1_159' title='bbox 1268 1108 1521 1151; x_wconf 77' lang='lat' dir='ltr'><em>Cornicinus</em></span> <span class='ocrx_word' id='word_1_160' title='bbox 1559 1108 1620 1149; x_wconf 84' lang='lat' dir='ltr'><em>ad</em></span> <span class='ocrx_word' id='word_1_161' title='bbox 1649 1120 1768 1150; x_wconf 82' lang='lat' dir='ltr'><em>suam</em></span> <span class='ocrx_word' id='word_1_162' title='bbox 1805 1113 1991 1150; x_wconf 80' lang='lat' dir='ltr'><em>veterem</em></span> <span class='ocrx_word' id='word_1_163' title='bbox 2015 1107 2210 1162; x_wconf 72' lang='lat' dir='ltr'><em>fabulam</em></span> <span class='ocrx_word' id='word_1_164' title='bbox 2245 1110 2387 1152; x_wconf 83' lang='lat' dir='ltr'><em>rediit.</em></span> <span class='ocrx_word' id='word_1_165' title='bbox 2445 1109 2616 1152; x_wconf 89' lang='lat' dir='ltr'><em>Terent.</em></span> 
     </span>
     <span class='ocr_line' id='line_1_14' title="bbox 205 1184 2617 1242; baseline 0.001 -14"><span class='ocrx_word' id='word_1_166' title='bbox 205 1184 361 1229; x_wconf 84' lang='lat' dir='ltr'><em>Heaut.</em></span> <span class='ocrx_word' id='word_1_167' title='bbox 392 1186 491 1238; x_wconf 88' lang='lat' dir='ltr'><em>1V.‚</em></span> <span class='ocrx_word' id='word_1_168' title='bbox 520 1189 574 1237; x_wconf 72' lang='lat'><em>3,</em></span> <span class='ocrx_word' id='word_1_169' title='bbox 603 1189 680 1228; x_wconf 77' lang='lat'><em>41:</em></span> <span class='ocrx_word' id='word_1_170' title='bbox 713 1185 829 1238; x_wconf 79' lang='lat' dir='ltr'><em>Quid</em></span> <span class='ocrx_word' id='word_1_171' title='bbox 854 1186 898 1228; x_wconf 87' lang='lat' dir='ltr'><em>si</em></span> <span class='ocrx_word' id='word_1_172' title='bbox 920 1186 1054 1229; x_wconf 85' lang='lat' dir='ltr'><em>redeo</em></span> <span class='ocrx_word' id='word_1_173' title='bbox 1084 1187 1145 1228; x_wconf 90' lang='lat' dir='ltr'><em>ad</em></span> <span class='ocrx_word' id='word_1_174' title='bbox 1170 1187 1291 1236; x_wconf 87' lang='lat' dir='ltr'><em>illos,</em></span> <span class='ocrx_word' id='word_1_175' title='bbox 1322 1187 1398 1242; x_wconf 81' lang='lat' dir='ltr'><em>qui</em></span> <span class='ocrx_word' id='word_1_176' title='bbox 1424 1187 1544 1229; x_wconf 77' lang='lat' dir='ltr'><em>aium</em></span> <span class='ocrx_word' id='word_1_177' title='bbox 1575 1194 1653 1228; x_wconf 85' lang='lat' dir='ltr'><em>etc.</em></span> <span class='ocrx_word' id='word_1_178' title='bbox 1710 1184 1912 1228; x_wconf 87' lang='lat' dir='ltr'><em>Similiter</em></span> <span class='ocrx_word' id='word_1_179' title='bbox 1940 1188 2076 1230; x_wconf 83' lang='lat' dir='ltr'><em>verba</em></span> <span class='ocrx_word' id='word_1_180' title='bbox 2103 1187 2212 1238; x_wconf 86' lang='lat' dir='ltr'><em>ire,</em></span> <span class='ocrx_word' id='word_1_181' title='bbox 2244 1201 2440 1239; x_wconf 70' lang='lat' dir='ltr'><em>currere,</em></span> <span class='ocrx_word' id='word_1_182' title='bbox 2470 1202 2617 1231; x_wconf 83' lang='lat' dir='ltr'><em>recur-</em></span> 
     </span>
     <span class='ocr_line' id='line_1_15' title="bbox 204 1262 2617 1320; baseline 0 -13"><span class='ocrx_word' id='word_1_183' title='bbox 204 1277 310 1307; x_wconf 82' lang='lat' dir='ltr'><em>rere</em></span> <span class='ocrx_word' id='word_1_184' title='bbox 344 1265 406 1306; x_wconf 90' lang='lat' dir='ltr'><em>ad</em></span> <span class='ocrx_word' id='word_1_185' title='bbox 440 1264 607 1320; x_wconf 73' lang='lat' dir='ltr'><em>aliquid</em></span> <span class='ocrx_word' id='word_1_186' title='bbox 632 1271 908 1319; x_wconf 79' lang='lat' dir='ltr'><em>usurpantur.</em></span> <span class='ocrx_word' id='word_1_187' title='bbox 967 1263 1137 1305; x_wconf 77' lang='lat' dir='ltr'><em>Terent.</em></span> <span class='ocrx_word' id='word_1_188' title='bbox 1167 1262 1319 1306; x_wconf 81' lang='lat' dir='ltr'><em>Heaut.</em></span> <span class='ocrx_word' id='word_1_189' title='bbox 1354 1263 1460 1319; x_wconf 88' lang='lat' dir='ltr'><em>prol.</em></span> <span class='ocrx_word' id='word_1_190' title='bbox 1490 1268 1566 1306; x_wconf 70' lang='lat'><em>44:</em></span> <span class='ocrx_word' id='word_1_191' title='bbox 1611 1262 1667 1306; x_wconf 68' lang='lat' dir='ltr'><em>Sa·</em></span> <span class='ocrx_word' id='word_1_192' title='bbox 1700 1277 1784 1320; x_wconf 81' lang='lat' dir='ltr'><em>qua</em></span> <span class='ocrx_word' id='word_1_193' title='bbox 1823 1263 2050 1307; x_wconf 81' lang='lat' dir='ltr'><em>laboriosa</em></span> <span class='ocrx_word' id='word_1_194' title='bbox 2087 1270 2172 1315; x_wconf 82' lang='lat' dir='ltr'><em>est,</em></span> <span class='ocrx_word' id='word_1_195' title='bbox 2214 1266 2275 1307; x_wconf 86' lang='lat' dir='ltr'><em>ad</em></span> <span class='ocrx_word' id='word_1_196' title='bbox 2310 1279 2375 1308; x_wconf 91' lang='lat' dir='ltr'><em>me</em></span> <span class='ocrx_word' id='word_1_197' title='bbox 2412 1267 2617 1309; x_wconf 72' lang='lat' dir='ltr'><em>curritur,</em></span> 
     </span>
     <span class='ocr_line' id='line_1_16' title="bbox 207 1341 1790 1397; baseline 0 -13"><span class='ocrx_word' id='word_1_198' title='bbox 207 1342 338 1384; x_wconf 83' lang='lat' dir='ltr'><em>Andr.</em></span> <span class='ocrx_word' id='word_1_199' title='bbox 369 1342 418 1393; x_wconf 87' lang='lat' dir='ltr'><em>l.,</em></span> <span class='ocrx_word' id='word_1_200' title='bbox 445 1345 487 1392; x_wconf 74' lang='lat'><em>5,</em></span> <span class='ocrx_word' id='word_1_201' title='bbox 519 1346 596 1384; x_wconf 75' lang='lat'><em>16:</em></span> <span class='ocrx_word' id='word_1_202' title='bbox 625 1356 678 1384; x_wconf 91' lang='lat' dir='ltr'><em>ea</em></span> <span class='ocrx_word' id='word_1_203' title='bbox 706 1343 905 1397; x_wconf 79' lang='lat' dir='ltr'><em>quoniam</em></span> <span class='ocrx_word' id='word_1_204' title='bbox 935 1343 1094 1384; x_wconf 81' lang='lat' dir='ltr'><em>nemini</em></span> <span class='ocrx_word' id='word_1_205' title='bbox 1118 1341 1300 1384; x_wconf 84' lang='lat' dir='ltr'><em>obtrudi</em></span> <span class='ocrx_word' id='word_1_206' title='bbox 1317 1347 1479 1395; x_wconf 87' lang='lat' dir='ltr'><em>potest,</em></span> <span class='ocrx_word' id='word_1_207' title='bbox 1508 1343 1599 1384; x_wconf 86' lang='lat' dir='ltr'><em>itur</em></span> <span class='ocrx_word' id='word_1_208' title='bbox 1629 1343 1690 1384; x_wconf 80' lang='lat' dir='ltr'><em>ad</em></span> <span class='ocrx_word' id='word_1_209' title='bbox 1715 1356 1790 1384; x_wconf 89' lang='lat' dir='ltr'><em>me.</em></span> 
     </span>
    </p>

    <p class='ocr_par' dir='ltr' id='par_1_5' title="bbox 201 1417 2619 1633">
     <span class='ocr_line' id='line_1_17' title="bbox 409 1417 2614 1475; baseline 0 -13"><span class='ocrx_word' id='word_1_210' title='bbox 409 1419 496 1462; x_wconf 91' lang='lat' dir='ltr'><em>Sed</em></span> <span class='ocrx_word' id='word_1_211' title='bbox 529 1421 610 1461; x_wconf 83' lang='lat' dir='ltr'><em>iam</em></span> <span class='ocrx_word' id='word_1_212' title='bbox 642 1420 773 1462; x_wconf 87' lang='lat' dir='ltr'><em>redeo</em></span> <span class='ocrx_word' id='word_1_213' title='bbox 803 1420 859 1461; x_wconf 82' lang='lat' dir='ltr'><em>ad</em></span> <span class='ocrx_word' id='word_1_214' title='bbox 885 1420 1003 1470; x_wconf 76' lang='lat' dir='ltr'><em>Te,</em></span> <span class='ocrx_word' id='word_1_215' title='bbox 1033 1419 1111 1461; x_wconf 85' lang='lat' dir='ltr'><em>Vir</em></span> <span class='ocrx_word' id='word_1_216' title='bbox 1139 1420 1420 1467; x_wconf 83' lang='lat' dir='ltr'><em>amicissime,</em></span> <span class='ocrx_word' id='word_1_217' title='bbox 1451 1435 1577 1475; x_wconf 93' lang='lat' dir='ltr'><em>quem</em></span> <span class='ocrx_word' id='word_1_218' title='bbox 1606 1418 1919 1462; x_wconf 77' lang='lat' dir='ltr'><em>exclamantem</em></span> <span class='ocrx_word' id='word_1_219' title='bbox 1949 1417 2065 1469; x_wconf 81' lang='lat' dir='ltr'><em>ohe,</em></span> <span class='ocrx_word' id='word_1_220' title='bbox 2097 1422 2181 1462; x_wconf 83' lang='lat' dir='ltr'><em>iam</em></span> <span class='ocrx_word' id='word_1_221' title='bbox 2208 1422 2317 1463; x_wconf 77' lang='lat' dir='ltr'><em>satis</em></span> <span class='ocrx_word' id='word_1_222' title='bbox 2348 1422 2439 1463; x_wconf 82' lang='lat' dir='ltr'><em>est!</em></span> <span class='ocrx_word' id='word_1_223' title='bbox 2474 1423 2614 1472; x_wconf 79' lang='lat' dir='ltr'><em>audio,</em></span> 
     </span>
     <span class='ocr_line' id='line_1_18' title="bbox 203 1495 2619 1555; baseline 0.002 -17"><span class='ocrx_word' id='word_1_224' title='bbox 203 1497 336 1539; x_wconf 88' lang='lat' dir='ltr'><em>redeo</em></span> <span class='ocrx_word' id='word_1_225' title='bbox 364 1496 491 1549; x_wconf 86' lang='lat' dir='ltr'><em>illuc,</em></span> <span class='ocrx_word' id='word_1_226' title='bbox 522 1497 636 1539; x_wconf 88' lang='lat' dir='ltr'><em>unde</em></span> <span class='ocrx_word' id='word_1_227' title='bbox 667 1497 776 1547; x_wconf 83' lang='lat' dir='ltr'><em>abii,</em></span> <span class='ocrx_word' id='word_1_228' title='bbox 807 1505 852 1538; x_wconf 86' lang='lat' dir='ltr'><em>ut</em></span> <span class='ocrx_word' id='word_1_229' title='bbox 880 1509 999 1538; x_wconf 91' lang='lat' dir='ltr'><em>orem</em></span> <span class='ocrx_word' id='word_1_230' title='bbox 1030 1505 1072 1538; x_wconf 88' lang='lat' dir='ltr'><em>et</em></span> <span class='ocrx_word' id='word_1_231' title='bbox 1103 1498 1296 1539; x_wconf 89' lang='lat' dir='ltr'><em>obtester</em></span> <span class='ocrx_word' id='word_1_232' title='bbox 1323 1495 1463 1539; x_wconf 88' lang='lat' dir='ltr'><em>Deum</em></span> <span class='ocrx_word' id='word_1_233' title='bbox 1496 1496 1546 1538; x_wconf 88' lang='grc' dir='ltr'><em>Ο.</em></span> <span class='ocrx_word' id='word_1_234' title='bbox 1577 1496 1659 1544; x_wconf 75' lang='lat' dir='ltr'><em>M..</em></span> <span class='ocrx_word' id='word_1_235' title='bbox 1690 1505 1735 1539; x_wconf 85' lang='lat' dir='ltr'><em>ut</em></span> <span class='ocrx_word' id='word_1_236' title='bbox 1764 1496 2040 1552; x_wconf 84' lang='lat' dir='ltr'><em>splendorem</em></span> <span class='ocrx_word' id='word_1_237' title='bbox 2071 1496 2198 1538; x_wconf 77' lang='lat' dir='ltr'><em>huius</em></span> <span class='ocrx_word' id='word_1_238' title='bbox 2228 1498 2309 1540; x_wconf 90' lang='lat' dir='ltr'><em>diei</em></span> <span class='ocrx_word' id='word_1_239' title='bbox 2339 1508 2547 1555; x_wconf 81' lang='lat' dir='ltr'><em>perpetua</em></span> <span class='ocrx_word' id='word_1_240' title='bbox 2577 1508 2619 1542; x_wconf 83' lang='lat' dir='ltr'><em>et</em></span> 
     </span>
     <span class='ocr_line' id='line_1_19' title="bbox 201 1575 2451 1633; baseline 0.001 -16"><span class='ocrx_word' id='word_1_241' title='bbox 201 1575 407 1618; x_wconf 82' lang='lat' dir='ltr'><em>incolumi</em></span> <span class='ocrx_word' id='word_1_242' title='bbox 438 1577 552 1618; x_wconf 84' lang='lat' dir='ltr'><em>vitae</em></span> <span class='ocrx_word' id='word_1_243' title='bbox 581 1575 786 1618; x_wconf 70' lang='lat' dir='ltr'><em>felicitate</em></span> <span class='ocrx_word' id='word_1_244' title='bbox 815 1584 974 1631; x_wconf 79' lang='lat' dir='ltr'><em>augeat</em></span> <span class='ocrx_word' id='word_1_245' title='bbox 998 1583 1038 1617; x_wconf 91' lang='lat' dir='ltr'><em>et</em></span> <span class='ocrx_word' id='word_1_246' title='bbox 1069 1575 1267 1618; x_wconf 89' lang='lat' dir='ltr'><em>cumulet.</em></span> <span class='ocrx_word' id='word_1_247' title='bbox 1325 1575 1459 1626; x_wconf 76' lang='lat' dir='ltr'><em>Vale,</em></span> <span class='ocrx_word' id='word_1_248' title='bbox 1490 1575 1570 1616; x_wconf 89' lang='lat' dir='ltr'><em>Vir</em></span> <span class='ocrx_word' id='word_1_249' title='bbox 1600 1577 1847 1626; x_wconf 80' lang='lat' dir='ltr'><em>carissime,</em></span> <span class='ocrx_word' id='word_1_250' title='bbox 1879 1590 1933 1618; x_wconf 79' lang='lat' dir='ltr'><em>ac</em></span> <span class='ocrx_word' id='word_1_251' title='bbox 1963 1576 2111 1619; x_wconf 76' lang='lat' dir='ltr'><em>favere</em></span> <span class='ocrx_word' id='word_1_252' title='bbox 2139 1579 2265 1619; x_wconf 91' lang='lat' dir='ltr'><em>nobis</em></span> <span class='ocrx_word' id='word_1_253' title='bbox 2294 1578 2451 1633; x_wconf 83' lang='lat' dir='ltr'><em>perge!</em></span> 
     </span>
    </p>
   </div>
  </div>
 </body>
</html>
