2895 3711
1943 164 2123 202 ,gn-''⁴3‘'
2444 171 2540 216 ,δι’
2576 178 2619 217 ᾖ,

430 1223 749 1301 Faustissimus
794 1253 923 1295 hodie
960 1253 1108 1298 Tibi
1157 1252 1297 1296 illuxit
1339 1253 1454 1303 dies,
1511 1251 1589 1295 Vir
1625 1254 1889 1304 doctissime,
1938 1267 2024 1310 quo
2061 1261 2161 1296 ante
2198 1252 2282 1295 hos
2329 1254 2639 1310 quinquaginta

229 1350 367 1382 annos
401 1334 633 1380 admodum
670 1332 839 1375 iuvenis
879 1330 1051 1387 publico
1087 1331 1269 1374 docendi
1308 1343 1489 1374 munere
1526 1329 1641 1386 iungi
1681 1331 1860 1386 coepisti
1893 1333 1935 1374 in
1963 1332 2121 1387 oppido
2150 1330 2313 1388 frigore
2341 1344 2527 1388 rugoso,
2562 1331 2635 1374 ubi

229 1415 537 1470 discipulorum
556 1413 842 1458 Taurum
870 1422 1062 1452 amorem
1102 1411 1159 1471 ita
1194 1409 1344 1456 'rim
1374 1408 1629 1460 conciliasti,
1659 1417 1704 1451 ut
1734 1418 1832 1464 post
1860 1417 1921 1452 tot
1952 1424 2091 1453 annos
2121 1418 2250 1466 grata
2270 1410 2395 1456 'rut
2427 1411 2636 1453 memoria

228 1491 442 1548 hodieque
468 1492 526 1534 ibi
554 1491 709 1546 vigeat.
769 1488 908 1530 Breve
944 1495 1042 1542 post
1077 1496 1244 1542 tempus
1281 1488 1507 1530 doctrinae
1541 1495 1581 1529 et
1615 1487 1800 1530 docendi
1840 1488 2108 1530 dexteritatis
2134 1489 2314 1534 Tuae
2351 1486 2481 1530 laude
2520 1502 2635 1531 eom·

229 1571 456 1613 mendatus
494 1566 889 1616 Guelferbutelam,
927 1567 1093 1621 patriae
1130 1567 1225 1608 urbi
1261 1565 1446 1607 vicinam
1483 1573 1666 1607 vocatus
1705 1579 1764 1608 es.
1824 1565 1914 1608 Sed
1954 1580 2010 1608 ne
2048 1564 2134 1607 hoc
2172 1566 2343 1620 quidem
2372 1567 2533 1621 oppido
2562 1567 2636 1610 diu

229 1647 487 1692 commorari
503 1646 652 1692 Tibi
681 1645 812 1688 licuit.
869 1643 981 1686 Nam
1013 1653 1112 1698 post
1139 1644 1379 1686 discessum
1397 1642 1713 1695 Friedemanni,
1742 1645 1821 1685 viri
1843 1644 2105 1694 doctissimi,
2135 1642 2455 1700 Brunsvigiam‚
2485 1646 2636 1687 urbem

228 1725 440 1775 natalem,
479 1723 582 1769 „ubi
612 1723 779 1767 nutriri
810 1722 960 1768 'ribi
995 1723 1174 1778 contigit
1211 1726 1340 1777 atque
1378 1721 1549 1770 doceri,
1588 1722 1728 1763 irams
1757 1720 1907 1764 Graiis
1943 1727 2147 1777 quantum
2182 1709 2396 1765 vomisset
2424 1722 2636 1766 Achilles«

229 1804 442 1847 adductus
481 1816 552 1855 es,
591 1803 853 1858 contigitque
889 1798 1016 1843 huius
1045 1801 1163 1843 urbis
1193 1800 1417 1858 gymnasio
1447 1799 1671 1855 primario,
1708 1806 1752 1841 ut
1787 1813 1865 1855 per
1894 1801 2081 1857 quinque
2107 1808 2149 1843 et
2176 1801 2352 1858 triginta
2379 1815 2520 1844 annos
2547 1816 2635 1845 non

230 1880 450 1924 erudiendi
478 1880 618 1924 solum
646 1879 870 1930 facultate,
901 1879 980 1921 sed
1002 1880 1129 1921 etiam
1151 1879 1359 1934 regimine
1385 1878 1526 1924 Tuo
1554 1876 1790 1929 frueretur,
1829 1885 2082 1935 tantumque
2103 1892 2182 1934 per
2205 1879 2302 1924 Te
2325 1879 2635 1925 incrementum

229 1966 419 2014 caperet,
448 1967 655 2015 quantum
684 1972 904 2014 nunquam
932 1964 1061 2000 antea
1087 1956 1292 2000 habuisse
1321 1963 1503 1999 constat.
1560 1955 1670 1999 Nam
1695 1969 1808 2012 quae
1824 1956 1925 2002 Tu
1955 1958 2165 2009 oratione,
2197 1971 2282 2013 qua
2310 1958 2351 2000 d.
2382 1958 2476 2001 XX.
2498 1973 2634 2003 menS.

230 2036 407 2080 Octobr.
437 2051 475 2079 a.
506 2034 905 2080 MLCCCXXVlll.
936 2036 1163 2078 directoris
1191 2047 1348 2078 munus
1374 2034 1621 2089 auspicatus
1650 2047 1721 2085 es,
1751 2035 2011 2090 promisisti,
2042 2049 2096 2077 ea
2123 2035 2327 2093 religiose
2355 2035 2531 2079 solvisti.
2587 2038 2635 2079 ln

229 2115 569 2159 administranda
597 2116 710 2158 enim
741 2115 924 2157 docendi
952 2115 1174 2169 provincia
1203 2115 1246 2155 id
1275 2114 1543 2168 potissimum
1571 2115 1791 2167 spectasti,
1823 2121 1881 2165 ut,
1911 2127 1996 2168 quo
2016 2116 2223 2156 maiorem
2243 2115 2428 2157 docendi
2452 2115 2633 2159 {ructum

230 2205 426 2248 caperes,
455 2194 548 2249 ipse
576 2194 741 2237 docens
770 2193 957 2249 quotidie
986 2193 1221 2247 proficeres
1292 2191 1523 2235 Praeterea
1543 2205 1691 2233 eorum
1711 2192 1963 2243 commodis,
1993 2193 2036 2234 in
2065 2194 2220 2248 quibus
2249 2194 2472 2237 erudiendi
2500 2209 2635 2251 opera

229 2270 371 2316 Tua
397 2272 678 2323 versabatur,
716 2271 821 2319 nihil
849 2284 1054 2327 umquam
1095 2270 1282 2313 habuisti
1317 2271 1551 2325 antiquius,
1589 2269 1718 2325 idque
1754 2270 1917 2312 diurnis
1953 2272 2264 2327 nocturnisque
2302 2274 2634 2330 cogitationibus

226 2348 452 2390 meditatus
481 2362 550 2400 es,
589 2363 675 2405 quo
704 2350 833 2392 modo
863 2348 1082 2403 discipulis
1111 2349 1272 2394 Tuis
1300 2356 1388 2390 tam
1417 2350 1474 2390 ad
1503 2349 1662 2404 ingenii
1692 2347 1875 2402 cultum,
1915 2363 2046 2405 quam
2084 2350 2141 2391 ad
2176 2364 2343 2392 morum
2371 2352 2631 2393 emendatio-

229 2437 329 2466 nem
356 2438 460 2467 vere
486 2428 696 2480 prodesse
726 2440 894 2483 posseS,
924 2427 1203 2483 privatasque
1231 2428 1422 2469 rationes
1451 2439 1600 2468 omnes
1629 2424 1808 2468 scholae
1829 2426 2225 2483 discipulorumque
2252 2429 2489 2471 rationibus
2516 2439 2631 2484 post·

228 2500 454 2545 habendas
483 2517 699 2547 censeres.
757 2505 910 2558 Neque
938 2506 1235 2546 auctoritatem
1273 2505 1316 2546 in
1343 2504 1595 2559 imperando
1633 2512 1677 2545 et
1705 2502 1841 2546 multa
1869 2505 2044 2547 omnino
2079 2505 2294 2548 moliendo
2321 2506 2502 2560 positam
2530 2519 2631 2549 esse

228 2581 407 2634 putasti,
437 2581 517 2624 sed
543 2581 630 2626 hoc
656 2583 865 2639 imprimis
895 2583 1044 2629 Tibi
1074 2583 1312 2638 curandum
1341 2583 1614 2633 existimasti,
1643 2590 1689 2623 ut
1716 2595 1804 2624 non
1833 2583 1975 2639 magis
2003 2596 2031 2626 a
2059 2598 2196 2640 prava
2225 2584 2412 2641 quadam
2439 2583 2630 2637 lenitate,

228 2671 342 2713 quae
370 2662 561 2714 peccatis
588 2663 881 2718 impunitatem
911 2662 1016 2704 dare
1044 2660 1179 2713 solet,
1219 2676 1347 2716 quam
1376 2675 1404 2704 a
1431 2660 1563 2705 feroci
1592 2661 1772 2704 saevitia
1798 2662 1990 2704 abesses
2048 2663 2329 2707 Humanitatis
2366 2664 2506 2706 studia
2534 2678 2630 2719 pro-

228 2733 374 2780 fessus
402 2736 565 2781 nullam
593 2753 743 2783 earum
772 2743 995 2791 virtutum,
1025 2753 1139 2795 quae
1168 2742 1381 2795 pertinent
1399 2741 1455 2782 ad
1475 2740 1847 2782 mansuetudinem
1873 2754 2039 2783 morum
2054 2742 2096 2783 in
2112 2743 2208 2787 Te
2236 2756 2435 2798 umquam
2465 2742 2632 2786 deside-

228 2816 315 2856 rari
342 2828 502 2869 passus
530 2831 594 2868 εδ,
626 2819 767 2863 Τειο
797 2819 996 2872 exe‘mplo
1025 2819 1206 2873 egregia
1235 2818 1497 2860 confirmans
1522 2817 1623 2859 illud
1652 2817 1791 2858 Ovidii

875 2919 932 2955 ἡ
961 2898 1168 2951 inqenuas
1197 2896 1399 2938 didicisse
1424 2897 1608 2950 fideliter
1637 2900 1758 2938 artes

877 2973 1048 3016 Emollit
1075 2986 1217 3016 mores
1244 2987 1323 3016 nec
1349 2975 1453 3016 sinit
1482 2987 1574 3017 esse
1596 2973 1734 3028 feros.

228 3044 337 3090 Tu
379 3048 512 3099 enim,
549 3050 664 3095 vir
693 3052 961 3106 optimo,
1001 3050 1420 3099 Quinctilium-illud
1459 3053 1577 3106 (lnst.
1608 3067 1669 3094 or.
1701 3051 1774 3102 ll.,
1809 3054 1858 3102 2,
1898 3054 1943 3101 4)
1981 3053 2444 3096 commendatissimum
2481 3054 2632 3102 'nm

226 3120 412 3165 habuisti
449 3124 627 3170 „Sumat
663 3136 764 3171 ante
802 3130 946 3172 omnia
984 3129 1175 3185 parentis
1213 3143 1319 3187 erga
1350 3128 1585 3186 discipulos
1621 3141 1726 3171 suos
1762 3130 1950 3172 animum
1988 3143 2042 3172 ac
2069 3130 2308 3173 succedere
2336 3143 2386 3174 se
2411 3133 2455 3174 in
2482 3146 2632 3177 eorum

226 3197 394 3253 locum,
435 3216 462 3245 a
492 3204 647 3259 quibus
679 3207 761 3249 sibi
789 3205 912 3251 liberi
940 3208 1186 3259 tradantur,
1225 3207 1478 3251 existimem
1508 3233 1557 3240 —
1587 3207 1649 3251 lta
1677 3205 1835 3250 sactum
1865 3216 1955 3261 est,
1983 3215 2029 3250 ut
2056 3209 2190 3251 virtus
2218 3210 2358 3256 Tua
2386 3218 2429 3253 et
2454 3213 2634 3270 egregia

224 3279 357 3319 animi
385 3280 573 3334 indoles,
613 3287 806 3340 gravitas
845 3294 887 3328 et
924 3286 1169 3329 humanitas
1206 3287 1398 3328 omnium
1426 3287 1574 3332 'ribi
1610 3286 1744 3328 corda
1771 3285 2099 3345 reconciliarent
2132 3294 2175 3328 et
2201 3300 2328 3330 nemo
2355 3286 2634 3345 reperiretur,

227 3358 329 3410 quin
357 3370 524 3402 summo
552 3363 650 3407 ΤΘ
677 3365 817 3407 studio
847 3373 890 3407 et
918 3366 1196 3407 observantia
1225 3363 1390 3407 coleret
1417 3373 1546 3422 atque
1575 3366 1827 3420 suspiceret.
